00100000         2115139610001160024778820014       01897X0000000092096 FUNDACAO AGENCIA DAS BACIAS HIBANCO DO BRASIL                         21111202402114700583303000000829973081PROCESSAMEN                                                 
00100011T0100020 20115139610001160024778820014       01897X0000000092096 FUNDACAO AGENCIA DAS BACIAS HI                                                                                000000001111202400000000  000000000                      
0010001300001T 0201897X0000000092096 24778829000008379   7000008379      29112024000000000008916001009296000008379                0900000000000010500000000000000000000000000000000000000   0000000000000000000000496A9A4      170192477882     
0010001300002U 020000000000000000000000000000000000000000000000000000000000000000000000000000000000000000000000000000000000000000000000001111202400000000            000000000000000                              000                           
0010001300003T 0201897X0000000092096 24778829000008383   7000008383      29112024000000000876082001000566000008383                0900000000000010000000000000000000000000000000000000000   0000000000000000000000496A9        170192477882     
0010001300004U 020000000000000000000000000000000000000000000000000000000000000000000000000000000000000000000000000000000000000000000000001111202400000000            000000000000000                              000                           
0010001300005T 0201897X0000000092096 24778829000008384   7000008384      29112024000000000014629001009903000008384                0900000000000010500000000000000000000000000000000000000   0000000000000000000000496A9A4      170192477882     
0010001300006U 020000000000000000000000000000000000000000000000000000000000000000000000000000000000000000000000000000000000000000000000001111202400000000            000000000000000                              000                           
0010001300007T 0201897X0000000092096 24778829000008385   7000008385      2911202400000000043119000101849X000008385                0900000000000010500000000000000000000000000000000000000   0000000000000000000000496A9A4      170192477882     
0010001300008U 020000000000000000000000000000000000000000000000000000000000000000000000000000000000000000000000000000000000000000000000001111202400000000            000000000000000                              000                           
0010001300009T 0201897X0000000092096 24778829000008386   7000008386      29112024000000000261418001003190000008386                0900000000000010500000000000000000000000000000000000000   0000000000000000000000496A9A4      170192477882     
0010001300010U 020000000000000000000000000000000000000000000000000000000000000000000000000000000000000000000000000000000000000000000000001111202400000000            000000000000000                              000                           
0010001300011T 0601897X0000000092096 24778822400003124   700000000000312429112024000000000117107104029770000003124                0900000000000010100000000000000000000000000000000000000   000000000000000000000000004        170192477882     
0010001300012U 060000000000000000000000000000000000000000000000000000000000000000000001171070000000001171070000000000000000000000000000001111202412112024            000000000000000                              000                           
0010001300013T 0601897X0000000092096 24778822400004623   700000000000462331102024000000000037547341006580000004623                0900000000000010100000000000000000000000000000000000000   000000000000000000000000004        170192477882     
0010001300014U 060000000000008870000000000000000000000000000000000000000000000000000000384340000000000384340000000000000000000000000000001111202412112024            000000000000000                              000                           
0010001300015T 0601897X0000000092096 24778822400004828   700000000000482829112024000000000034254341000280000004828                0900000000000010100000000000000000000000000000000000000   000000000000000000000000004        170192477882     
0010001300016U 060000000000000000000000000000000000000000000000000000000000000000000000342540000000000342540000000000000000000000000000001111202412112024            000000000000000                              000                           
0010001300017T 0601897X0000000092096 24778822400005823   700000000000582331102024000000000020494341006580000005823                0900000000000010100000000000000000000000000000000000000   000000000000000000000000004        170192477882     
0010001300018U 060000000000004840000000000000000000000000000000000000000000000000000000209780000000000209780000000000000000000000000000001111202412112024            000000000000000                              000                           
0010001300019T 0601897X0000000092096 24778829000008357   7000008357      29112024000000000213237341009100000008357                0900000000000010100000000000000000000000000000000000000   000000000000000000000000004        170192477882     
0010001300020U 060000000000000000000000000000000000000000000000000000000000000000000002132370000000002132370000000000000000000000000000001111202412112024            000000000000000                              000                           
0010001300021T 0601897X0000000092096 24778829000008358   7000008358      29112024000000000211126341009100000008358                0900000000000010100000000000000000000000000000000000000   000000000000000000000000004        170192477882     
0010001300022U 060000000000000000000000000000000000000000000000000000000000000000000002111260000000002111260000000000000000000000000000001111202412112024            000000000000000                              000                           
0010001300023T 0301897X0000000092096 24778829000008387   7000008387      2911202400000000021813400100000 000008387                0900000000000000000000000000000000000000000000000000000   000000000000000000000000046        170192477882     
0010001300024U 030000000000000000000000000000000000000000000000000000000000000000000000000000000000000000000000000000000000000000000000001111202400000000            000000000000000                              000                           
00100015         000026002480000000010173683780000000000000000000000000000000000000000000000000000000000000000000000000000000000000000000000000000                                                                                              
00199999         000001000028000000                                                                                                                                                            00000000000000000000000000000                    
