00100000         2115139610001160024778820014       01897X0000000092096 FUNDACAO AGENCIA DAS BACIAS HIBANCO DO BRASIL                         21203202401354100555303000000829973081PROCESSAMEN                                                 
00100011T0100020 20115139610001160024778820014       01897X0000000092096 FUNDACAO AGENCIA DAS BACIAS HI                                                                                000000001203202400000000  000000000                      
0010001300001T 0601897X0000000092096 24778829000008020   7000008020      29022024000000000089857341000300000008020                0900000000000010100000000000000000000000000000000000000   000000000000000000000000004        170192477882     
0010001300002U 060000000000021560000000000000000000000000000000000000000000000000000000920130000000000920130000000000000000000000000000001203202413032024            000000000000000                              000                           
00100015         000004000031000000001303049160000000000000000000000000000000000000000000000000000000000000000000000000000000000000000000000000000                                                                                              
00199999         000001000006000000                                                                                                                                                            00000000000000000000000000000                    
