00100000         2115139610001160024778820014       01897X0000000092096 FUNDACAO AGENCIA DAS BACIAS HIBANCO DO BRASIL                         20711202401481100582903000000829973081PROCESSAMEN                                                 
00100011T0100020 20115139610001160024778820014       01897X0000000092096 FUNDACAO AGENCIA DAS BACIAS HI                                                                                000000000711202400000000  000000000                      
0010001300001T 0201897X0000000092096 24778829000008380   7000008380      31122024000000000154136001007994000008380                0900000000000010000000000000000000000000000000000000000   0000000000000000000000496A9        170192477882     
0010001300002U 020000000000000000000000000000000000000000000000000000000000000000000000000000000000000000000000000000000000000000000000000711202400000000            000000000000000                              000                           
0010001300003T 0601897X0000000092096 24778822400001132   700000000000113231102024000000000027178001031496000001132                0900000000000010040000000000000000000000000000000000000   000000000000000000000000034        170192477882     
0010001300004U 060000000000006060000000000000000000000000000000000000000000000000000000277840000000000277840000000000000000000000000000000711202408112024            000000000000000                              000                           
0010001300005T 0601897X0000000092096 24778822400002891   700000000000289131102024000000000148308001009741000002891                0900000000000010040000000000000000000000000000000000000   000000000000000000000000034        170192477882     
0010001300006U 060000000000033110000000000000000000000000000000000000000000000000000001516190000000001516190000000000000000000000000000000711202408112024            000000000000000                              000                           
0010001300007T 0601897X0000000092096 24778822400002904   700000000000290429112024000000000146670341029770000002904                0900000000000010100000000000000000000000000000000000000   000000000000000000000000004        170192477882     
0010001300008U 060000000000000000000000000000000000000000000000000000000000000000000001466700000000001466700000000000000000000000000000000711202408112024            000000000000000                              000                           
0010001300009T 0601897X0000000092096 24778822400004076   700000000000407629112024000000000056308341081470000004076                0900000000000010100000000000000000000000000000000000000   000000000000000000000000004        170192477882     
0010001300010U 060000000000000000000000000000000000000000000000000000000000000000000000563080000000000563080000000000000000000000000000000711202408112024            000000000000000                              000                           
0010001300011T 0601897X0000000092096 24778822400004116   700000000000411629112024000000000054894237013400000004116                0900000000000010100000000000000000000000000000000000000   000000000000000000000000004        170192477882     
0010001300012U 060000000000000000000000000000000000000000000000000000000000000000000000548940000000000548940000000000000000000000000000000711202408112024            000000000000000                              000                           
00100015         000014002496000000011226305680000000000000000000000000000000000000000000000000000000000000000000000000000000000000000000000000000                                                                                              
00199999         000001000016000000                                                                                                                                                            00000000000000000000000000000                    
