00100000         2115139610001160024778820014       01897X0000000092096 FUNDACAO AGENCIA DAS BACIAS HIBANCO DO BRASIL                         22511202402245500584903000000829973081PROCESSAMEN                                                 
00100011T0100020 20115139610001160024778820014       01897X0000000092096 FUNDACAO AGENCIA DAS BACIAS HI                                                                                000000002511202400000000  000000000                      
0010001300001T 0201897X0000000092096 24778829000008408   7000008408      29112024000000000836772001009946000008408                0900000000000010500000000000000000000000000000000000000   0000000000000000000000496A9A4      170192477882     
0010001300002U 020000000000000000000000000000000000000000000000000000000000000000000000000000000000000000000000000000000000000000000000002511202400000000            000000000000000                              000                           
0010001300003T 0601897X0000000092096 24778822400001508   700000000000150829112024000000000026501104002780000001508                0900000000000010100000000000000000000000000000000000000   000000000000000000000000004        170192477882     
0010001300004U 060000000000000000000000000000000000000000000000000000000000000000000000265010000000000265010000000000000000000000000000002511202426112024            000000000000000                              000                           
0010001300005T 0601897X0000000092096 24778822400001511   700000000000151129112024000000000026436341064580000001511                0900000000000010100000000000000000000000000000000000000   000000000000000000000000004        170192477882     
0010001300006U 060000000000000000000000000000000000000000000000000000000000000000000000264360000000000264360000000000000000000000000000002511202426112024            000000000000000                              000                           
0010001300007T 0601897X0000000092096 24778822400001655   700000000000165529112024000000000024397033013190000001655                0900000000000010100000000000000000000000000000000000000   000000000000000000000000004        170192477882     
0010001300008U 060000000000000000000000000000000000000000000000000000000000000000000000243970000000000243970000000000000000000000000000002511202426112024            000000000000000                              000                           
0010001300009T 0601897X0000000092096 24778822400001724   700000000000172429112024000000000023491341004450000001724                0900000000000010100000000000000000000000000000000000000   000000000000000000000000004        170192477882     
0010001300010U 060000000000000000000000000000000000000000000000000000000000000000000000234910000000000234910000000000000000000000000000002511202426112024            000000000000000                              000                           
0010001300011T 0601897X0000000092096 24778822400001850   700000000000185029112024000000000021958341000300000001850                0900000000000010100000000000000000000000000000000000000   000000000000000000000000004        170192477882     
0010001300012U 060000000000000000000000000000000000000000000000000000000000000000000000219580000000000219580000000000000000000000000000002511202426112024            000000000000000                              000                           
0010001300013T 0601897X0000000092096 24778822400001880   700000000000188029112024000000000021751509000010000001880                0900000000000010100000000000000000000000000000000000000   000000000000000000000000004        170192477882     
0010001300014U 060000000000000000000000000000000000000000000000000000000000000000000000217510000000000217510000000000000000000000000000002511202426112024            000000000000000                              000                           
0010001300015T 0601897X0000000092096 24778822400002108   700000000000210829112024000000003060704001030708000002108                0900000000000010090000000000000000000000000000000000000   000000000000000000000000006        170192477882     
0010001300016U 060000000000000000000000000000000000000000000000000000000000000000000030607040000000030607040000000000000000000000000000002511202426112024            000000000000000                              000                           
0010001300017T 0601897X0000000092096 24778822400002200   700000000000220029112024000000000919286237007090000002200                0900000000000010100000000000000000000000000000000000000   000000000000000000000000004        170192477882     
0010001300018U 060000000000000000000000000000000000000000000000000000000000000000000009192860000000009192860000000000000000000000000000002511202426112024            000000000000000                              000                           
0010001300019T 0601897X0000000092096 24778822400002356   700000000000235629112024000000000420257001030708000002356                0900000000000010090000000000000000000000000000000000000   000000000000000000000000006        170192477882     
0010001300020U 060000000000000000000000000000000000000000000000000000000000000000000004202570000000004202570000000000000000000000000000002511202426112024            000000000000000                              000                           
0010001300021T 0601897X0000000092096 24778822400002556   700000000000255629112024000000000250897341001690000002556                0900000000000010100000000000000000000000000000000000000   000000000000000000000000004        170192477882     
0010001300022U 060000000000000000000000000000000000000000000000000000000000000000000002508970000000002508970000000000000000000000000000002511202426112024            000000000000000                              000                           
0010001300023T 0601897X0000000092096 24778822400002568   700000000000256829112024000000000243859509000010000002568                0900000000000010100000000000000000000000000000000000000   000000000000000000000000004        170192477882     
0010001300024U 060000000000000000000000000000000000000000000000000000000000000000000002438590000000002438590000000000000000000000000000002511202426112024            000000000000000                              000                           
0010001300025T 0601897X0000000092096 24778822400002624   700000000000262429112024000000000219575748052180000002624                0900000000000010100000000000000000000000000000000000000   000000000000000000000000004        170192477882     
0010001300026U 060000000000000000000000000000000000000000000000000000000000000000000002195750000000002195750000000000000000000000000000002511202426112024            000000000000000                              000                           
0010001300027T 0601897X0000000092096 24778822400002680   700000000000268029112024000000000204937341009100000002680                0900000000000010100000000000000000000000000000000000000   000000000000000000000000004        170192477882     
0010001300028U 060000000000000000000000000000000000000000000000000000000000000000000002049370000000002049370000000000000000000000000000002511202426112024            000000000000000                              000                           
0010001300029T 0601897X0000000092096 24778822400002903   700000000000290331102024000000000146670341029770000002903                0900000000000010100000000000000000000000000000000000000   000000000000000000000000004        170192477882     
0010001300030U 060000000000041540000000000000000000000000000000000000000000000000000001508250000000001508250000000000000000000000000000012511202426112024            000000000000000                              000                           
0010001300031T 0601897X0000000092096 24778822400002976   700000000000297629112024000000000132398341000090000002976                0900000000000010100000000000000000000000000000000000000   000000000000000000000000004        170192477882     
0010001300032U 060000000000000000000000000000000000000000000000000000000000000000000001323980000000001323980000000000000000000000000000002511202426112024            000000000000000                              000                           
0010001300033T 0601897X0000000092096 24778822400002992   700000000000299229112024000000000131744237003150000002992                0900000000000010100000000000000000000000000000000000000   000000000000000000000000004        170192477882     
0010001300034U 060000000000000000000000000000000000000000000000000000000000000000000001317440000000001317440000000000000000000000000000002511202426112024            000000000000000                              000                           
0010001300035T 0601897X0000000092096 24778822400003096   70000000000030962911202400000000012040500103360X000003096                0900000000000010040000000000000000000000000000000000000   000000000000000000000000034        170192477882     
0010001300036U 060000000000000000000000000000000000000000000000000000000000000000000001204050000000001204050000000000000000000000000000002511202426112024            000000000000000                              000                           
0010001300037T 0601897X0000000092096 24778822400003100   70000000000031002911202400000000011947200104203X000003100                0900000000000010040000000000000000000000000000000000000   000000000000000000000000034        170192477882     
0010001300038U 060000000000000000000000000000000000000000000000000000000000000000000001194720000000001194720000000000000000000000000000002511202426112024            000000000000000                              000                           
0010001300039T 0601897X0000000092096 24778822400003132   700000000000313229112024000000000115801341000330000003132                0900000000000010100000000000000000000000000000000000000   000000000000000000000000004        170192477882     
0010001300040U 060000000000000000000000000000000000000000000000000000000000000000000001158010000000001158010000000000000000000000000000002511202426112024            000000000000000                              000                           
0010001300041T 0601897X0000000092096 24778822400003168   700000000000316829112024000000000112147237006050000003168                0900000000000010100000000000000000000000000000000000000   000000000000000000000000004        170192477882     
0010001300042U 060000000000000000000000000000000000000000000000000000000000000000000001121470000000001121470000000000000000000000000000002511202426112024            000000000000000                              000                           
0010001300043T 0601897X0000000092096 24778822400003420   700000000000342029112024000000000087569033000130000003420                0900000000000010100000000000000000000000000000000000000   000000000000000000000000004        170192477882     
0010001300044U 060000000000000000000000000000000000000000000000000000000000000000000000875690000000000875690000000000000000000000000000002511202426112024            000000000000000                              000                           
0010001300045T 0601897X0000000092096 24778822400003616   700000000000361629112024000000000073192237013400000003616                0900000000000010100000000000000000000000000000000000000   000000000000000000000000004        170192477882     
0010001300046U 060000000000000000000000000000000000000000000000000000000000000000000000731920000000000731920000000000000000000000000000002511202426112024            000000000000000                              000                           
0010001300047T 0601897X0000000092096 24778822400003832   700000000000383229112024000000000064086104003320000003832                0900000000000010100000000000000000000000000000000000000   000000000000000000000000004        170192477882     
0010001300048U 060000000000000000000000000000000000000000000000000000000000000000000000640860000000000640860000000000000000000000000000002511202426112024            000000000000000                              000                           
0010001300049T 0601897X0000000092096 24778822400003984   700000000000398429112024000000000058553341083970000003984                0900000000000010100000000000000000000000000000000000000   000000000000000000000000004        170192477882     
0010001300050U 060000000000000000000000000000000000000000000000000000000000000000000000585530000000000585530000000000000000000000000000002511202426112024            000000000000000                              000                           
0010001300051T 0601897X0000000092096 24778822400004012   700000000000401229112024000000000057718237029350000004012                0900000000000010100000000000000000000000000000000000000   000000000000000000000000004        170192477882     
0010001300052U 060000000000000000000000000000000000000000000000000000000000000000000000577180000000000577180000000000000000000000000000002511202426112024            000000000000000                              000                           
0010001300053T 0601897X0000000092096 24778822400004176   700000000000417629112024000000000052844237003160000004176                0900000000000010100000000000000000000000000000000000000   000000000000000000000000004        170192477882     
0010001300054U 060000000000000000000000000000000000000000000000000000000000000000000000528440000000000528440000000000000000000000000000002511202426112024            000000000000000                              000                           
0010001300055T 0601897X0000000092096 24778822400004196   700000000000419629112024000000000052259509000010000004196                0900000000000010100000000000000000000000000000000000000   000000000000000000000000004        170192477882     
0010001300056U 060000000000000000000000000000000000000000000000000000000000000000000000522590000000000522590000000000000000000000000000002511202426112024            000000000000000                              000                           
0010001300057T 0601897X0000000092096 24778822400004228   700000000000422829112024000000000051234756038430000004228                0900000000000010100000000000000000000000000000000000000   000000000000000000000000004        170192477882     
0010001300058U 060000000000000000000000000000000000000000000000000000000000000000000000512340000000000512340000000000000000000000000000002511202426112024            000000000000000                              000                           
0010001300059T 0601897X0000000092096 24778822400004596   700000000000459629112024000000000038646341026460000004596                0900000000000010100000000000000000000000000000000000000   000000000000000000000000004        170192477882     
0010001300060U 060000000000000000000000000000000000000000000000000000000000000000000000386460000000000386460000000000000000000000000000002511202426112024            000000000000000                              000                           
0010001300061T 0601897X0000000092096 24778822400004688   700000000000468829112024000000000036596509000010000004688                0900000000000010100000000000000000000000000000000000000   000000000000000000000000004        170192477882     
0010001300062U 060000000000000000000000000000000000000000000000000000000000000000000000365960000000000365960000000000000000000000000000002511202426112024            000000000000000                              000                           
0010001300063T 0601897X0000000092096 24778822400004744   700000000000474429112024000000000035962756072790000004744                0900000000000010100000000000000000000000000000000000000   000000000000000000000000004        170192477882     
0010001300064U 060000000000000000000000000000000000000000000000000000000000000000000000359620000000000359620000000000000000000000000000002511202426112024            000000000000000                              000                           
0010001300065T 0601897X0000000092096 24778822400004772   700000000000477229112024000000000035490341064580000004772                0900000000000010100000000000000000000000000000000000000   000000000000000000000000004        170192477882     
0010001300066U 060000000000000000000000000000000000000000000000000000000000000000000000354900000000000354900000000000000000000000000000002511202426112024            000000000000000                              000                           
0010001300067T 0601897X0000000092096 24778822400004904   700000000000490429112024000000000032973237003930000004904                0900000000000010100000000000000000000000000000000000000   000000000000000000000000004        170192477882     
0010001300068U 060000000000000000000000000000000000000000000000000000000000000000000000329730000000000329730000000000000000000000000000002511202426112024            000000000000000                              000                           
0010001300069T 0601897X0000000092096 24778822400004928   700000000000492829112024000000000032936748030320000004928                0900000000000010100000000000000000000000000000000000000   000000000000000000000000004        170192477882     
0010001300070U 060000000000000000000000000000000000000000000000000000000000000000000000329360000000000329360000000000000000000000000000002511202426112024            000000000000000                              000                           
0010001300071T 0601897X0000000092096 24778822400005360   700000000000536029112024000000000025617033037160000005360                0900000000000010100000000000000000000000000000000000000   000000000000000000000000004        170192477882     
0010001300072U 060000000000000000000000000000000000000000000000000000000000000000000000256170000000000256170000000000000000000000000000002511202426112024            000000000000000                              000                           
0010001300073T 0601897X0000000092096 24778822400005364   700000000000536429112024000000000025617033036440000005364                0900000000000010100000000000000000000000000000000000000   000000000000000000000000004        170192477882     
0010001300074U 060000000000000000000000000000000000000000000000000000000000000000000000256170000000000256170000000000000000000000000000002511202426112024            000000000000000                              000                           
0010001300075T 0601897X0000000092096 24778822400005448   700000000000544829112024000000000024389001004561000005448                0900000000000010040000000000000000000000000000000000000   000000000000000000000000034        170192477882     
0010001300076U 060000000000000000000000000000000000000000000000000000000000000000000000243890000000000243890000000000000000000000000000002511202426112024            000000000000000                              000                           
0010001300077T 0601897X0000000092096 24778822400005608   700000000000560829112024000000000021958237025610000005608                0900000000000010100000000000000000000000000000000000000   000000000000000000000000004        170192477882     
0010001300078U 060000000000000000000000000000000000000000000000000000000000000000000000219580000000000219580000000000000000000000000000002511202426112024            000000000000000                              000                           
0010001300079T 0601897X0000000092096 24778822400005624   700000000000562429112024000000000021958033001940000005624                0900000000000010100000000000000000000000000000000000000   000000000000000000000000004        170192477882     
0010001300080U 060000000000000000000000000000000000000000000000000000000000000000000000219580000000000219580000000000000000000000000000002511202426112024            000000000000000                              000                           
0010001300081T 0601897X0000000092096 24778822400005756   700000000000575629112024000000000021176748053430000005756                0900000000000010100000000000000000000000000000000000000   000000000000000000000000004        170192477882     
0010001300082U 060000000000000000000000000000000000000000000000000000000000000000000000211760000000000211760000000000000000000000000000002511202426112024            000000000000000                              000                           
0010001300083T 0601897X0000000092096 24778822400005836   700000000000583629112024000000000020494104003170000005836                0900000000000010100000000000000000000000000000000000000   000000000000000000000000004        170192477882     
0010001300084U 060000000000000000000000000000000000000000000000000000000000000000000000204940000000000204940000000000000000000000000000002511202426112024            000000000000000                              000                           
0010001300085T 0601897X0000000092096 24778829000008402   7000008402      29112024000000000067863341008970000008402                0900000000000010100000000000000000000000000000000000000   000000000000000000000000004        170192477882     
0010001300086U 060000000000000000000000000000000000000000000000000000000000000000000000678630000000000678630000000000000000000000000000002511202426112024            000000000000000                              000                           
00100015         000088002355000000009686120730000000000000000000000000000000000000000000000000000000000000000000000000000000000000000000000000000                                                                                              
00199999         000001000090000000                                                                                                                                                            00000000000000000000000000000                    
