00100000         2115139610001160024778820014       01897X0000000092096 FUNDACAO AGENCIA DAS BACIAS HIBANCO DO BRASIL                         22210202402010700580503000000829973081PROCESSAMEN                                                 
00100011T0100020 20115139610001160024778820014       01897X0000000092096 FUNDACAO AGENCIA DAS BACIAS HI                                                                                000000002210202400000000  000000000                      
0010001300001T 0201897X0000000092096 24778829000008317   7000008317      31102024000000000601069001003409000008317                0900000000000010500000000000000000000000000000000000000   0000000000000000000000496A9A4      170192477882     
0010001300002U 020000000000000000000000000000000000000000000000000000000000000000000000000000000000000000000000000000000000000000000000002210202400000000            000000000000000                              000                           
0010001300003T 0201897X0000000092096 24778829000008318   7000008318      31102024000000000090180001003409000008318                0900000000000010500000000000000000000000000000000000000   0000000000000000000000496A9A4      170192477882     
0010001300004U 020000000000000000000000000000000000000000000000000000000000000000000000000000000000000000000000000000000000000000000000002210202400000000            000000000000000                              000                           
0010001300005T 0201897X0000000092096 24778829000008319   7000008319      31102024000000000261332001005738000008319                0900000000000010000000000000000000000000000000000000000   0000000000000000000000496A9        170192477882     
0010001300006U 020000000000000000000000000000000000000000000000000000000000000000000000000000000000000000000000000000000000000000000000002210202400000000            000000000000000                              000                           
0010001300007T 0201897X0000000092096 24778829000008320   7000008320      29112024000000000359456001000566000008320                0900000000000010500000000000000000000000000000000000000   0000000000000000000000496A9A4      170192477882     
0010001300008U 020000000000000000000000000000000000000000000000000000000000000000000000000000000000000000000000000000000000000000000000002210202400000000            000000000000000                              000                           
0010001300009T 0601897X0000000092096 24778822400001202   700000000000120231102024000000000025555237005200000001202                0900000000000010100000000000000000000000000000000000000   000000000000000000000000004        170192477882     
0010001300010U 060000000000000000000000000000000000000000000000000000000000000000000000255550000000000255550000000000000000000000000000002210202423102024            000000000000000                              000                           
0010001300011T 0601897X0000000092096 24778822400001228   700000000000122831102024000000000024886341076430000001228                0900000000000010100000000000000000000000000000000000000   000000000000000000000000004        170192477882     
0010001300012U 060000000000000000000000000000000000000000000000000000000000000000000000248860000000000248860000000000000000000000000000002210202423102024            000000000000000                              000                           
0010001300013T 0601897X0000000092096 24778822400001288   700000000000128831102024000000000023422001070785000001288                0900000000000010020000000000000000000000000000000000000   000000000000000000000000033        170192477882     
0010001300014U 060000000000000000000000000000000000000000000000000000000000000000000000234220000000000234220000000000000000000000000000002210202423102024            000000000000000                              000                           
0010001300015T 0601897X0000000092096 24778822400001470   700000000000147031102024000000000020626001019127000001470                0900000000000010040000000000000000000000000000000000000   000000000000000000000000034        170192477882     
0010001300016U 060000000000000000000000000000000000000000000000000000000000000000000000206260000000000206260000000000000000000000000000002210202423102024            000000000000000                              000                           
0010001300017T 0601897X0000000092096 24778822400001579   700000000000157931102024000000000025063237002150000001579                0900000000000010100000000000000000000000000000000000000   000000000000000000000000004        170192477882     
0010001300018U 060000000000000000000000000000000000000000000000000000000000000000000000250630000000000250630000000000000000000000000000002210202423102024            000000000000000                              000                           
0010001300019T 0601897X0000000092096 24778822400001762   700000000000176231102024000000000023161341045360000001762                0900000000000010100000000000000000000000000000000000000   000000000000000000000000004        170192477882     
0010001300020U 060000000000000000000000000000000000000000000000000000000000000000000000231610000000000231610000000000000000000000000000002210202423102024            000000000000000                              000                           
0010001300021T 0601897X0000000092096 24778822400001939   700000000000193931102024000000000020596509000010000001939                0900000000000010100000000000000000000000000000000000000   000000000000000000000000004        170192477882     
0010001300022U 060000000000000000000000000000000000000000000000000000000000000000000000205960000000000205960000000000000000000000000000002210202423102024            000000000000000                              000                           
0010001300023T 0601897X0000000092096 24778822400003411   700000000000341131102024000000000087830237002150000003411                0900000000000010100000000000000000000000000000000000000   000000000000000000000000004        170192477882     
0010001300024U 060000000000000000000000000000000000000000000000000000000000000000000000878300000000000878300000000000000000000000000000002210202423102024            000000000000000                              000                           
0010001300025T 0601897X0000000092096 24778822400003598   700000000000359830092024000000000073191341081690000003598                0900000000000010100000000000000000000000000000000000000   000000000000000000000000004        170192477882     
0010001300026U 060000000000019990000000000000000000000000000000000000000000000000000000751900000000000751900000000000000000000000000000002210202423102024            000000000000000                              000                           
0010001300027T 0601897X0000000092096 24778822400003919   700000000000391931102024000000000059871341005460000003919                0900000000000010100000000000000000000000000000000000000   000000000000000000000000004        170192477882     
0010001300028U 060000000000000000000000000000000000000000000000000000000000000000000000598710000000000598710000000000000000000000000000002210202423102024            000000000000000                              000                           
0010001300029T 0601897X0000000092096 24778822400003987   700000000000398731102024000000000058553033033160000003987                0900000000000010100000000000000000000000000000000000000   000000000000000000000000004        170192477882     
0010001300030U 060000000000000000000000000000000000000000000000000000000000000000000000585530000000000585530000000000000000000000000000002210202423102024            000000000000000                              000                           
0010001300031T 0601897X0000000092096 24778822400004251   700000000000425131102024000000000050642341088490000004251                0900000000000010100000000000000000000000000000000000000   000000000000000000000000004        170192477882     
0010001300032U 060000000000000000000000000000000000000000000000000000000000000000000000506420000000000506420000000000000000000000000000002210202423102024            000000000000000                              000                           
0010001300033T 0601897X0000000092096 24778822400005107   700000000000510731102024000000000030169341002770000005107                0900000000000010100000000000000000000000000000000000000   000000000000000000000000004        170192477882     
0010001300034U 060000000000000000000000000000000000000000000000000000000000000000000000301690000000000301690000000000000000000000000000002210202423102024            000000000000000                              000                           
0010001300035T 0601897X0000000092096 24778822400005439   700000000000543931102024000000000024519033032440000005439                0900000000000010100000000000000000000000000000000000000   000000000000000000000000004        170192477882     
0010001300036U 060000000000000000000000000000000000000000000000000000000000000000000000245190000000000245190000000000000000000000000000002210202423102024            000000000000000                              000                           
0010001300037T 0601897X0000000092096 24778822400005559   700000000000555931102024000000000022607756072790000005559                0900000000000010100000000000000000000000000000000000000   000000000000000000000000004        170192477882     
0010001300038U 060000000000000000000000000000000000000000000000000000000000000000000000226070000000000226070000000000000000000000000000002210202423102024            000000000000000                              000                           
0010001300039T 0601897X0000000092096 24778829000008310   7000008310      25102024000000000498277341000540000008310                0900000000000010100000000000000000000000000000000000000   000000000000000000000000004        170192477882     
0010001300040U 060000000000000000000000000000000000000000000000000000000000000000000004982770000000004982770000000000000000000000000000002210202423102024            000000000000000                              000                           
0010001300041T 0901897X0000000092096 24778822400001758   700000000000175830092024000000000023162001009903000001758                0900000000000000000000000000000000000000000000000000000   000000000000000000000037210        170192477882     
0010001300042U 090000000000000000000000000000000000000000000000000000000000000000000000000000000000000000000000000000000000000000000000002210202400000000            000000000000000                              000                           
0010001300043T 0901897X0000000092096 24778822400001759   700000000000175931102024000000000023163001009903000001759                0900000000000000000000000000000000000000000000000000000   000000000000000000000037210        170192477882     
0010001300044U 090000000000000000000000000000000000000000000000000000000000000000000000000000000000000000000000000000000000000000000000002210202400000000            000000000000000                              000                           
0010001300045T 0901897X0000000092096 24778822400001760   700000000000176029112024000000000023163001009903000001760                0900000000000000000000000000000000000000000000000000000   000000000000000000000037210        170192477882     
0010001300046U 090000000000000000000000000000000000000000000000000000000000000000000000000000000000000000000000000000000000000000000000002210202400000000            000000000000000                              000                           
00100015         000048004100000000015091065990000000000000000000000000000000000000000000000000000000000000000000000000000000000000000000000000000                                                                                              
00199999         000001000050000000                                                                                                                                                            00000000000000000000000000000                    
