00100000         2115139610001160024778820014       01897X0000000092096 FUNDACAO AGENCIA DAS BACIAS HIBANCO DO BRASIL                         22711202402015300585303000000829973081PROCESSAMEN                                                 
00100011T0100020 20115139610001160024778820014       01897X0000000092096 FUNDACAO AGENCIA DAS BACIAS HI                                                                                000000002711202400000000  000000000                      
0010001300001T 0201897X0000000092096 24778829000008410   7000008410      3112202400000000006122900101849X000008410                0900000000000010500000000000000000000000000000000000000   0000000000000000000000496A9A4      170192477882     
0010001300002U 020000000000000000000000000000000000000000000000000000000000000000000000000000000000000000000000000000000000000000000000002711202400000000            000000000000000                              000                           
0010001300003T 0201897X0000000092096 24778829000008411   7000008411      31122024000000000257156001009296000008411                0900000000000010000000000000000000000000000000000000000   0000000000000000000000496A9        170192477882     
0010001300004U 020000000000000000000000000000000000000000000000000000000000000000000000000000000000000000000000000000000000000000000000002711202400000000            000000000000000                              000                           
0010001300005T 0201897X0000000092096 24778829000008412   7000008412      31122024000000000037933001009903000008412                0900000000000010000000000000000000000000000000000000000   0000000000000000000000496A9        170192477882     
0010001300006U 020000000000000000000000000000000000000000000000000000000000000000000000000000000000000000000000000000000000000000000000002711202400000000            000000000000000                              000                           
0010001300007T 0601897X0000000092096 24778822400001598   700000000000159829112024000000000024679341000120000001598                0900000000000010100000000000000000000000000000000000000   000000000000000000000000004        170192477882     
0010001300008U 060000000000000000000000000000000000000000000000000000000000000000000000246790000000000246790000000000000000000000000000002711202428112024            000000000000000                              000                           
0010001300009T 0601897X0000000092096 24778822400001712   700000000000171229112024000000000023777033005450000001712                0900000000000010100000000000000000000000000000000000000   000000000000000000000000004        170192477882     
0010001300010U 060000000000000000000000000000000000000000000000000000000000000000000000237770000000000237770000000000000000000000000000002711202428112024            000000000000000                              000                           
0010001300011T 0601897X0000000092096 24778822400001736   700000000000173629112024000000000023421341005460000001736                0900000000000010100000000000000000000000000000000000000   000000000000000000000000004        170192477882     
0010001300012U 060000000000000000000000000000000000000000000000000000000000000000000000234210000000000234210000000000000000000000000000002711202428112024            000000000000000                              000                           
0010001300013T 0601897X0000000092096 24778822400001748   700000000000174829112024000000000023368748053590000001748                0900000000000010100000000000000000000000000000000000000   000000000000000000000000004        170192477882     
0010001300014U 060000000000000000000000000000000000000000000000000000000000000000000000233680000000000233680000000000000000000000000000002711202428112024            000000000000000                              000                           
0010001300015T 0601897X0000000092096 24778822400001766   700000000000176629112024000000000023157341026900000001766                0900000000000010100000000000000000000000000000000000000   000000000000000000000000004        170192477882     
0010001300016U 060000000000000000000000000000000000000000000000000000000000000000000000231570000000000231570000000000000000000000000000002711202428112024            000000000000000                              000                           
0010001300017T 0601897X0000000092096 24778822400001802   700000000000180229112024000000000022660237025610000001802                0900000000000010100000000000000000000000000000000000000   000000000000000000000000004        170192477882     
0010001300018U 060000000000000000000000000000000000000000000000000000000000000000000000226600000000000226600000000000000000000000000000002711202428112024            000000000000000                              000                           
0010001300019T 0601897X0000000092096 24778822400001868   700000000000186829112024000000000021932033003430000001868                0900000000000010100000000000000000000000000000000000000   000000000000000000000000004        170192477882     
0010001300020U 060000000000000000000000000000000000000000000000000000000000000000000000219320000000000219320000000000000000000000000000002711202428112024            000000000000000                              000                           
0010001300021T 0601897X0000000092096 24778822400001874   700000000000187429112024000000000021895237033890000001874                0900000000000010100000000000000000000000000000000000000   000000000000000000000000004        170192477882     
0010001300022U 060000000000000000000000000000000000000000000000000000000000000000000000218950000000000218950000000000000000000000000000002711202428112024            000000000000000                              000                           
0010001300023T 0601897X0000000092096 24778822400002028   700000000000202829112024000000009331106104030800000002028                0900000000000010100000000000000000000000000000000000000   000000000000000000000000004        170192477882     
0010001300024U 060000000000000000000000000000000000000000000000000000000000000000000093311060000000093311060000000000000000000000000000002711202428112024            000000000000000                              000                           
0010001300025T 0601897X0000000092096 24778822400002112   700000000000211229112024000000002711365341009100000002112                0900000000000010100000000000000000000000000000000000000   000000000000000000000000004        170192477882     
0010001300026U 060000000000000000000000000000000000000000000000000000000000000000000027113650000000027113650000000000000000000000000000002711202428112024            000000000000000                              000                           
0010001300027T 0601897X0000000092096 24778822400002192   700000000000219229112024000000001020693001006998000002192                0900000000000010040000000000000000000000000000000000000   000000000000000000000000034        170192477882     
0010001300028U 060000000000000000000000000000000000000000000000000000000000000000000010206930000000010206930000000000000000000000000000002711202428112024            000000000000000                              000                           
0010001300029T 0601897X0000000092096 24778822400002280   700000000000228029112024000000000541688341001100000002280                0900000000000010100000000000000000000000000000000000000   000000000000000000000000004        170192477882     
0010001300030U 060000000000000000000000000000000000000000000000000000000000000000000005416880000000005416880000000000000000000000000000002711202428112024            000000000000000                              000                           
0010001300031T 0601897X0000000092096 24778822400002284   700000000000228429112024000000000528365237033710000002284                0900000000000010100000000000000000000000000000000000000   000000000000000000000000004        170192477882     
0010001300032U 060000000000000000000000000000000000000000000000000000000000000000000005283650000000005283650000000000000000000000000000002711202428112024            000000000000000                              000                           
0010001300033T 0601897X0000000092096 24778822400002328   700000000000232829112024000000000439150237020020000002328                0900000000000010100000000000000000000000000000000000000   000000000000000000000000004        170192477882     
0010001300034U 060000000000000000000000000000000000000000000000000000000000000000000004391500000000004391500000000000000000000000000000002711202428112024            000000000000000                              000                           
0010001300035T 0601897X0000000092096 24778822400002620   700000000000262029112024000000000222636001033626000002620                0900000000000010090000000000000000000000000000000000000   000000000000000000000000006        170192477882     
0010001300036U 060000000000000000000000000000000000000000000000000000000000000000000002226360000000002226360000000000000000000000000000002711202428112024            000000000000000                              000                           
0010001300037T 0601897X0000000092096 24778822400002640   700000000000264029112024000000000216335341015650000002640                0900000000000010100000000000000000000000000000000000000   000000000000000000000000004        170192477882     
0010001300038U 060000000000000000000000000000000000000000000000000000000000000000000002163350000000002163350000000000000000000000000000002711202428112024            000000000000000                              000                           
0010001300039T 0601897X0000000092096 24778822400002852   700000000000285229112024000000000155114341015650000002852                0900000000000010100000000000000000000000000000000000000   000000000000000000000000004        170192477882     
0010001300040U 060000000000000000000000000000000000000000000000000000000000000000000001551140000000001551140000000000000000000000000000002711202428112024            000000000000000                              000                           
0010001300041T 0601897X0000000092096 24778822400002900   70000000000029002911202400000000014782400101897X000002900                0900000000000010090000000000000000000000000000000000000   000000000000000000000000006        170192477882     
0010001300042U 060000000000000000000000000000000000000000000000000000000000000000000001478240000000001478240000000000000000000000000000002711202428112024            000000000000000                              000                           
0010001300043T 0601897X0000000092096 24778822400003060   700000000000306029112024000000000125541341008970000003060                0900000000000010100000000000000000000000000000000000000   000000000000000000000000004        170192477882     
0010001300044U 060000000000000000000000000000000000000000000000000000000000000000000001255410000000001255410000000000000000000000000000002711202428112024            000000000000000                              000                           
0010001300045T 0601897X0000000092096 24778822400003184   700000000000318429112024000000000111144341015650000003184                0900000000000010100000000000000000000000000000000000000   000000000000000000000000004        170192477882     
0010001300046U 060000000000000000000000000000000000000000000000000000000000000000000001111440000000001111440000000000000000000000000000002711202428112024            000000000000000                              000                           
0010001300047T 0601897X0000000092096 24778822400003196   700000000000319629112024000000000110629341032630000003196                0900000000000010100000000000000000000000000000000000000   000000000000000000000000004        170192477882     
0010001300048U 060000000000000000000000000000000000000000000000000000000000000000000001106290000000001106290000000000000000000000000000002711202428112024            000000000000000                              000                           
0010001300049T 0601897X0000000092096 24778822400003280   700000000000328029112024000000000102779033001780000003280                0900000000000010100000000000000000000000000000000000000   000000000000000000000000004        170192477882     
0010001300050U 060000000000000000000000000000000000000000000000000000000000000000000001027790000000001027790000000000000000000000000000002711202428112024            000000000000000                              000                           
0010001300051T 0601897X0000000092096 24778822400003312   700000000000331229112024000000000098788341000280000003312                0900000000000010100000000000000000000000000000000000000   000000000000000000000000004        170192477882     
0010001300052U 060000000000000000000000000000000000000000000000000000000000000000000000987880000000000987880000000000000000000000000000002711202428112024            000000000000000                              000                           
0010001300053T 0601897X0000000092096 24778822400003680   700000000000368029112024000000000071287756011310000003680                0900000000000010100000000000000000000000000000000000000   000000000000000000000000004        170192477882     
0010001300054U 060000000000000000000000000000000000000000000000000000000000000000000000712870000000000712870000000000000000000000000000002711202428112024            000000000000000                              000                           
0010001300055T 0601897X0000000092096 24778822400003724   700000000000372429112024000000000067826341008970000003724                0900000000000010100000000000000000000000000000000000000   000000000000000000000000004        170192477882     
0010001300056U 060000000000000000000000000000000000000000000000000000000000000000000000678260000000000678260000000000000000000000000000002711202428112024            000000000000000                              000                           
0010001300057T 0601897X0000000092096 24778822400003988   700000000000398829112024000000000058553033033160000003988                0900000000000010100000000000000000000000000000000000000   000000000000000000000000004        170192477882     
0010001300058U 060000000000000000000000000000000000000000000000000000000000000000000000585530000000000585530000000000000000000000000000002711202428112024            000000000000000                              000                           
0010001300059T 0601897X0000000092096 24778822400003996   700000000000399629112024000000000058349341000120000003996                0900000000000010100000000000000000000000000000000000000   000000000000000000000000004        170192477882     
0010001300060U 060000000000000000000000000000000000000000000000000000000000000000000000583490000000000583490000000000000000000000000000002711202428112024            000000000000000                              000                           
0010001300061T 0601897X0000000092096 24778822400004008   700000000000400829112024000000000057989001065072000004008                0900000000000010040000000000000000000000000000000000000   000000000000000000000000034        170192477882     
0010001300062U 060000000000000000000000000000000000000000000000000000000000000000000000579890000000000579890000000000000000000000000000002711202428112024            000000000000000                              000                           
0010001300063T 0601897X0000000092096 24778822400004020   700000000000402029112024000000000057556341015650000004020                0900000000000010100000000000000000000000000000000000000   000000000000000000000000004        170192477882     
0010001300064U 060000000000000000000000000000000000000000000000000000000000000000000000575560000000000575560000000000000000000000000000002711202428112024            000000000000000                              000                           
0010001300065T 0601897X0000000092096 24778822400004224   700000000000422429112024000000000051234509000010000004224                0900000000000010100000000000000000000000000000000000000   000000000000000000000000004        170192477882     
0010001300066U 060000000000000000000000000000000000000000000000000000000000000000000000512340000000000512340000000000000000000000000000002711202428112024            000000000000000                              000                           
0010001300067T 0601897X0000000092096 24778822400004232   700000000000423229112024000000000051070341001830000004232                0900000000000010100000000000000000000000000000000000000   000000000000000000000000004        170192477882     
0010001300068U 060000000000000000000000000000000000000000000000000000000000000000000000510700000000000510700000000000000000000000000000002711202428112024            000000000000000                              000                           
0010001300069T 0601897X0000000092096 24778822400004588   700000000000458829112024000000000038792341001620000004588                0900000000000010100000000000000000000000000000000000000   000000000000000000000000004        170192477882     
0010001300070U 060000000000000000000000000000000000000000000000000000000000000000000000387920000000000387920000000000000000000000000000002711202428112024            000000000000000                              000                           
0010001300071T 0601897X0000000092096 24778822400004624   700000000000462429112024000000000037547341006580000004624                0900000000000010100000000000000000000000000000000000000   000000000000000000000000004        170192477882     
0010001300072U 060000000000000000000000000000000000000000000000000000000000000000000000375470000000000375470000000000000000000000000000002711202428112024            000000000000000                              000                           
0010001300073T 0601897X0000000092096 24778822400004644   700000000000464429112024000000000036852237003140000004644                0900000000000010100000000000000000000000000000000000000   000000000000000000000000004        170192477882     
0010001300074U 060000000000000000000000000000000000000000000000000000000000000000000000368520000000000368520000000000000000000000000000002711202428112024            000000000000000                              000                           
0010001300075T 0601897X0000000092096 24778822400004720   700000000000472029112024000000000036472341000540000004720                0900000000000010100000000000000000000000000000000000000   000000000000000000000000004        170192477882     
0010001300076U 060000000000000000000000000000000000000000000000000000000000000000000000364720000000000364720000000000000000000000000000002711202428112024            000000000000000                              000                           
0010001300077T 0601897X0000000092096 24778822400004884   700000000000488429112024000000000033493341000120000004884                0900000000000010100000000000000000000000000000000000000   000000000000000000000000004        170192477882     
0010001300078U 060000000000000000000000000000000000000000000000000000000000000000000000334930000000000334930000000000000000000000000000002711202428112024            000000000000000                              000                           
0010001300079T 0601897X0000000092096 24778822400005056   700000000000505629112024000000000031075341005250000005056                0900000000000010100000000000000000000000000000000000000   000000000000000000000000004        170192477882     
0010001300080U 060000000000000000000000000000000000000000000000000000000000000000000000310750000000000310750000000000000000000000000000002711202428112024            000000000000000                              000                           
0010001300081T 0601897X0000000092096 24778822400005148   700000000000514829112024000000000029634341044580000005148                0900000000000010100000000000000000000000000000000000000   000000000000000000000000004        170192477882     
0010001300082U 060000000000000000000000000000000000000000000000000000000000000000000000296340000000000296340000000000000000000000000000002711202428112024            000000000000000                              000                           
0010001300083T 0601897X0000000092096 24778822400005228   700000000000522829112024000000000028179033036440000005228                0900000000000010100000000000000000000000000000000000000   000000000000000000000000004        170192477882     
0010001300084U 060000000000000000000000000000000000000000000000000000000000000000000000281790000000000281790000000000000000000000000000002711202428112024            000000000000000                              000                           
0010001300085T 0601897X0000000092096 24778822400005432   700000000000543229112024000000000024853001043036000005432                0900000000000010040000000000000000000000000000000000000   000000000000000000000000034        170192477882     
0010001300086U 060000000000000000000000000000000000000000000000000000000000000000000000248530000000000248530000000000000000000000000000002711202428112024            000000000000000                              000                           
0010001300087T 0601897X0000000092096 24778822400005592   700000000000559229112024000000000022197341015650000005592                0900000000000010100000000000000000000000000000000000000   000000000000000000000000004        170192477882     
0010001300088U 060000000000000000000000000000000000000000000000000000000000000000000000221970000000000221970000000000000000000000000000002711202428112024            000000000000000                              000                           
0010001300089T 0601897X0000000092096 24778822400005620   700000000000562029112024000000000021958237002150000005620                0900000000000010100000000000000000000000000000000000000   000000000000000000000000004        170192477882     
0010001300090U 060000000000000000000000000000000000000000000000000000000000000000000000219580000000000219580000000000000000000000000000002711202428112024            000000000000000                              000                           
0010001300091T 0601897X0000000092096 24778822400005636   700000000000563629112024000000000021958341004190000005636                0900000000000010100000000000000000000000000000000000000   000000000000000000000000004        170192477882     
0010001300092U 060000000000000000000000000000000000000000000000000000000000000000000000219580000000000219580000000000000000000000000000002711202428112024            000000000000000                              000                           
0010001300093T 0601897X0000000092096 24778822400005784   700000000000578429112024000000000021021237033890000005784                0900000000000010100000000000000000000000000000000000000   000000000000000000000000004        170192477882     
0010001300094U 060000000000000000000000000000000000000000000000000000000000000000000000210210000000000210210000000000000000000000000000002711202428112024            000000000000000                              000                           
0010001300095T 0601897X0000000092096 24778822400005824   700000000000582429112024000000000020494341006580000005824                0900000000000010100000000000000000000000000000000000000   000000000000000000000000004        170192477882     
0010001300096U 060000000000000000000000000000000000000000000000000000000000000000000000204940000000000204940000000000000000000000000000002711202428112024            000000000000000                              000                           
0010001300097T 0601897X0000000092096 24778822400005840   700000000000584029112024000000000020346341008970000005840                0900000000000010100000000000000000000000000000000000000   000000000000000000000000004        170192477882     
0010001300098U 060000000000000000000000000000000000000000000000000000000000000000000000203460000000000203460000000000000000000000000000002711202428112024            000000000000000                              000                           
0010001300099T 0601897X0000000092096 24778829000008064   7000008064      29112024000000000062022341001620000008064                0900000000000010100000000000000000000000000000000000000   000000000000000000000000004        170192477882     
0010001300100U 060000000000000000000000000000000000000000000000000000000000000000000000620220000000000620220000000000000000000000000000002711202428112024            000000000000000                              000                           
0010001300101T 0601897X0000000092096 24778829000008229   7000008229      29112024000000000334849748053590000008229                0900000000000010100000000000000000000000000000000000000   000000000000000000000000004        170192477882     
0010001300102U 060000000000000000000000000000000000000000000000000000000000000000000003348490000000003348490000000000000000000000000000002711202428112024            000000000000000                              000                           
0010001300103T 0601897X0000000092096 24778829000008332   7000008332      29112024000000000128386104042050000008332                0900000000000010100000000000000000000000000000000000000   000000000000000000000000004        170192477882     
0010001300104U 060000000000000000000000000000000000000000000000000000000000000000000001283860000000001283860000000000000000000000000000002711202428112024            000000000000000                              000                           
0010001300105T 0601897X0000000092096 24778829000008388   7000008388      29112024000000000130227237033720000008388                0900000000000010100000000000000000000000000000000000000   000000000000000000000000004        170192477882     
0010001300106U 060000000000000000000000000000000000000000000000000000000000000000000001302270000000001302270000000000000000000000000000002711202428112024            000000000000000                              000                           
0010001300107T 0601897X0000000092096 24778829000008397   7000008397      29112024000000000106941033001780000008397                0900000000000010100000000000000000000000000000000000000   000000000000000000000000004        170192477882     
0010001300108U 060000000000000000000000000000000000000000000000000000000000000000000001069410000000001069410000000000000000000000000000002711202428112024            000000000000000                              000                           
0010001300109T 0601897X0000000092096 24778829000008399   7000008399      29112024000000000168226237001560000008399                0900000000000010100000000000000000000000000000000000000   000000000000000000000000004        170192477882     
0010001300110U 060000000000000000000000000000000000000000000000000000000000000000000001682260000000001682260000000000000000000000000000002711202428112024            000000000000000                              000                           
0010001300111T 0601897X0000000092096 24778829000008406   7000008406      29112024000000000909349237020020000008406                0900000000000010100000000000000000000000000000000000000   000000000000000000000000004        170192477882     
0010001300112U 060000000000000000000000000000000000000000000000000000000000000000000009093490000000009093490000000000000000000000000000002711202428112024            000000000000000                              000                           
0010001300113T 0901897X0000000092096 24778822400001639   700000000000163931102024000000000024397001066583000001639                0900000000000000000000000000000000000000000000000000000   000000000000000000000037210        170192477882     
0010001300114U 090000000000000000000000000000000000000000000000000000000000000000000000000000000000000000000000000000000000000000000000002711202400000000            000000000000000                              000                           
0010001300115T 0901897X0000000092096 24778822400001640   700000000000164029112024000000000024397001066583000001640                0900000000000000000000000000000000000000000000000000000   000000000000000000000037210        170192477882     
0010001300116U 090000000000000000000000000000000000000000000000000000000000000000000000000000000000000000000000000000000000000000000000002711202400000000            000000000000000                              000                           
0010001300117T 0901897X0000000092096 24778822400003559   700000000000355931102024000000000075561001003409000003559                0900000000000000000000000000000000000000000000000000000   000000000000000000000037210        170192477882     
0010001300118U 090000000000000000000000000000000000000000000000000000000000000000000000000000000000000000000000000000000000000000000000002711202400000000            000000000000000                              000                           
0010001300119T 0901897X0000000092096 24778822400003560   700000000000356029112024000000000075561001003409000003560                0900000000000000000000000000000000000000000000000000000   000000000000000000000037210        170192477882     
0010001300120U 090000000000000000000000000000000000000000000000000000000000000000000000000000000000000000000000000000000000000000000000002711202400000000            000000000000000                              000                           
0010001300121T 0901897X0000000092096 24778822400003561   700000000000356119122024000000000075561001003409000003561                0900000000000000000000000000000000000000000000000000000   000000000000000000000037210        170192477882     
0010001300122U 090000000000000000000000000000000000000000000000000000000000000000000000000000000000000000000000000000000000000000000000002711202400000000            000000000000000                              000                           
0010001300123T 0901897X0000000092096 24778829000008336   7000008336      29112024000000000141153001001724000008336                0900000000000000000000000000000000000000000000000000000   000000000000000000000037210        170192477882     
0010001300124U 090000000000000000000000000000000000000000000000000000000000000000000000000000000000000000000000000000000000000000000000002711202400000000            000000000000000                              000                           
0010001300125T 0901897X0000000092096 24778829000008337   7000008337      31122024000000000141153001001724000008337                0900000000000000000000000000000000000000000000000000000   000000000000000000000037210        170192477882     
0010001300126U 090000000000000000000000000000000000000000000000000000000000000000000000000000000000000000000000000000000000000000000000002711202400000000            000000000000000                              000                           
0010001300127T 0901897X0000000092096 24778829000008338   7000008338      31012025000000000141153001001724000008338                0900000000000000000000000000000000000000000000000000000   000000000000000000000037210        170192477882     
0010001300128U 090000000000000000000000000000000000000000000000000000000000000000000000000000000000000000000000000000000000000000000000002711202400000000            000000000000000                              000                           
0010001300129T 0901897X0000000092096 24778829000008339   7000008339      28022025000000000141153001001724000008339                0900000000000000000000000000000000000000000000000000000   000000000000000000000037210        170192477882     
0010001300130U 090000000000000000000000000000000000000000000000000000000000000000000000000000000000000000000000000000000000000000000000002711202400000000            000000000000000                              000                           
0010001300131T 0901897X0000000092096 24778829000008340   7000008340      31032025000000000141153001001724000008340                0900000000000000000000000000000000000000000000000000000   000000000000000000000037210        170192477882     
0010001300132U 090000000000000000000000000000000000000000000000000000000000000000000000000000000000000000000000000000000000000000000000002711202400000000            000000000000000                              000                           
0010001300133T 0901897X0000000092096 24778829000008341   7000008341      30042025000000000141153001001724000008341                0900000000000000000000000000000000000000000000000000000   000000000000000000000037210        170192477882     
0010001300134U 090000000000000000000000000000000000000000000000000000000000000000000000000000000000000000000000000000000000000000000000002711202400000000            000000000000000                              000                           
0010001300135T 0901897X0000000092096 24778829000008343   7000008343      30062025000000000141153001001724000008343                0900000000000000000000000000000000000000000000000000000   000000000000000000000037210        170192477882     
0010001300136U 090000000000000000000000000000000000000000000000000000000000000000000000000000000000000000000000000000000000000000000000002711202400000000            000000000000000                              000                           
0010001300137T 0901897X0000000092096 24778829000008344   7000008344      31072025000000000141153001001724000008344                0900000000000000000000000000000000000000000000000000000   000000000000000000000037210        170192477882     
0010001300138U 090000000000000000000000000000000000000000000000000000000000000000000000000000000000000000000000000000000000000000000000002711202400000000            000000000000000                              000                           
0010001300139T 0901897X0000000092096 24778829000008345   7000008345      29082025000000000141153001001724000008345                0900000000000000000000000000000000000000000000000000000   000000000000000000000037210        170192477882     
0010001300140U 090000000000000000000000000000000000000000000000000000000000000000000000000000000000000000000000000000000000000000000000002711202400000000            000000000000000                              000                           
0010001300141T 0901897X0000000092096 24778829000008346   7000008346      30092025000000000141153001001724000008346                0900000000000000000000000000000000000000000000000000000   000000000000000000000037210        170192477882     
0010001300142U 090000000000000000000000000000000000000000000000000000000000000000000000000000000000000000000000000000000000000000000000002711202400000000            000000000000000                              000                           
00100015         000144002270000000009468410590000000000000000000000000000000000000000000000000000000000000000000000000000000000000000000000000000                                                                                              
00199999         000001000146000000                                                                                                                                                            00000000000000000000000000000                    
