00100000         2115139610001160024778820014       01897X0000000092096 FUNDACAO AGENCIA DAS BACIAS HIBANCO DO BRASIL                         20612202401491400586703000000829973081PROCESSAMEN                                                 
00100011T0100020 20115139610001160024778820014       01897X0000000092096 FUNDACAO AGENCIA DAS BACIAS HI                                                                                000000000612202400000000  000000000                      
0010001300001T 0201897X0000000092096 24778829000008445   7000008445      31122024000000000071871001009903000008445                0900000000000010500000000000000000000000000000000000000   0000000000000000000000496A9A4      170192477882     
0010001300002U 020000000000000000000000000000000000000000000000000000000000000000000000000000000000000000000000000000000000000000000000000612202400000000            000000000000000                              000                           
0010001300003T 0201897X0000000092096 24778829000008446   7000008446      31122024000000000029502001003409000008446                0900000000000010000000000000000000000000000000000000000   0000000000000000000000496A9        170192477882     
0010001300004U 020000000000000000000000000000000000000000000000000000000000000000000000000000000000000000000000000000000000000000000000000612202400000000            000000000000000                              000                           
0010001300005T 0201897X0000000092096 24778829000008447   7000008447      31122024000000000134004001000566000008447                0900000000000010500000000000000000000000000000000000000   0000000000000000000000496A9A4      170192477882     
0010001300006U 020000000000000000000000000000000000000000000000000000000000000000000000000000000000000000000000000000000000000000000000000612202400000000            000000000000000                              000                           
0010001300007T 0601897X0000000092096 24778822400003005   700000000000300519122024000000000130966237035050000003005                0900000000000010100000000000000000000000000000000000000   000000000000000000000000004        170192477882     
0010001300008U 060000000000000000000000000000000000000000000000000000000000000000000001309660000000001309660000000000000000000000000000000612202409122024            000000000000000                              000                           
0010001300009T 0601897X0000000092096 24778822400003609   700000000000360919122024000000000073192237013400000003609                0900000000000010100000000000000000000000000000000000000   000000000000000000000000004        170192477882     
0010001300010U 060000000000000000000000000000000000000000000000000000000000000000000000731920000000000731920000000000000000000000000000000612202409122024            000000000000000                              000                           
0010001300011T 0601897X0000000092096 24778822400004117   700000000000411719122024000000000054894237013400000004117                0900000000000010100000000000000000000000000000000000000   000000000000000000000000004        170192477882     
0010001300012U 060000000000000000000000000000000000000000000000000000000000000000000000548940000000000548940000000000000000000000000000000612202409122024            000000000000000                              000                           
0010001300013T 0601897X0000000092096 24778822400004601   700000000000460119122024000000000038601341002800000004601                0900000000000010100000000000000000000000000000000000000   000000000000000000000000004        170192477882     
0010001300014U 060000000000000000000000000000000000000000000000000000000000000000000000386010000000000386010000000000000000000000000000000612202409122024            000000000000000                              000                           
0010001300015T 0601897X0000000092096 24778822400004745   700000000000474519122024000000000035962756072790000004745                0900000000000010100000000000000000000000000000000000000   000000000000000000000000004        170192477882     
0010001300016U 060000000000000000000000000000000000000000000000000000000000000000000000359620000000000359620000000000000000000000000000000612202409122024            000000000000000                              000                           
0010001300017T 0601897X0000000092096 24778822400004749   700000000000474919122024000000000035962756021140000004749                0900000000000010100000000000000000000000000000000000000   000000000000000000000000004        170192477882     
0010001300018U 060000000000000000000000000000000000000000000000000000000000000000000000359620000000000359620000000000000000000000000000000612202409122024            000000000000000                              000                           
0010001300019T 0601897X0000000092096 24778822400005273   700000000000527319122024000000000027354341015630000005273                0900000000000010100000000000000000000000000000000000000   000000000000000000000000004        170192477882     
0010001300020U 060000000000000000000000000000000000000000000000000000000000000000000000273540000000000273540000000000000000000000000000000612202409122024            000000000000000                              000                           
0010001300021T 0601897X0000000092096 24778822400005737   700000000000573719122024000000000021399237002150000005737                0900000000000010100000000000000000000000000000000000000   000000000000000000000000004        170192477882     
0010001300022U 060000000000000000000000000000000000000000000000000000000000000000000000213990000000000213990000000000000000000000000000000612202409122024            000000000000000                              000                           
00100015         000024001239000000005701273960000000000000000000000000000000000000000000000000000000000000000000000000000000000000000000000000000                                                                                              
00199999         000001000026000000                                                                                                                                                            00000000000000000000000000000                    
