00100000         2115139610001160024778820014       01897X0000000092096 FUNDACAO AGENCIA DAS BACIAS HIBANCO DO BRASIL                         21110202402010900579103000000829973081PROCESSAMEN                                                 
00100011T0100020 20115139610001160024778820014       01897X0000000092096 FUNDACAO AGENCIA DAS BACIAS HI                                                                                000000001110202400000000  000000000                      
0010001300001T 0201897X0000000092096 24778829000008279   7000008279      31102024000000000197863001009296000008279                0900000000000010500000000000000000000000000000000000000   0000000000000000000000496A9A4      170192477882     
0010001300002U 020000000000000000000000000000000000000000000000000000000000000000000000000000000000000000000000000000000000000000000000001110202400000000            000000000000000                              000                           
0010001300003T 0201897X0000000092096 24778829000008280   7000008280      31102024000000000028201001003409000008280                0900000000000010500000000000000000000000000000000000000   0000000000000000000000496A9A4      170192477882     
0010001300004U 020000000000000000000000000000000000000000000000000000000000000000000000000000000000000000000000000000000000000000000000001110202400000000            000000000000000                              000                           
0010001300005T 0601897X0000000092096 24778822400000232   700000000000023211102024000000000051818341000330000000232                0900000000000010100000000000000000000000000000000000000   000000000000000000000000004        170192477882     
0010001300006U 060000000000000000000000000000000000000000000000000000000000000000000000518180000000000518180000000000000000000000000000001110202414102024            000000000000000                              000                           
0010001300007T 0601897X0000000092096 24778822400000275   700000000000027511102024000000000039816341000310000000275                0900000000000010100000000000000000000000000000000000000   000000000000000000000000004        170192477882     
0010001300008U 060000000000000000000000000000000000000000000000000000000000000000000000398160000000000398160000000000000000000000000000001110202414102024            000000000000000                              000                           
0010001300009T 0601897X0000000092096 24778822400000293   700000000000029311102024000000000038561745000010000000293                0900000000000010100000000000000000000000000000000000000   000000000000000000000000004        170192477882     
0010001300010U 060000000000000000000000000000000000000000000000000000000000000000000000385610000000000385610000000000000000000000000000001110202414102024            000000000000000                              000                           
0010001300011T 0601897X0000000092096 24778822400000333   700000000000033311102024000000000036596341000310000000333                0900000000000010100000000000000000000000000000000000000   000000000000000000000000004        170192477882     
0010001300012U 060000000000000000000000000000000000000000000000000000000000000000000000365960000000000365960000000000000000000000000000001110202414102024            000000000000000                              000                           
0010001300013T 0601897X0000000092096 24778822400000598   700000000000059811102024000000000026349001031364000000598                0900000000000010060000000000000000000000000000000000000   000000000000000000000000033        170192477882     
0010001300014U 060000000000000000000000000000000000000000000000000000000000000000000000263490000000000263490000000000000000000000000000001110202414102024            000000000000000                              000                           
0010001300015T 0601897X0000000092096 24778822400002594   700000000000259411102024000000000234213341031000000002594                0900000000000010100000000000000000000000000000000000000   000000000000000000000000004        170192477882     
0010001300016U 060000000000000000000000000000000000000000000000000000000000000000000002342130000000002342130000000000000000000000000000001110202414102024            000000000000000                              000                           
0010001300017T 0601897X0000000092096 24778822400002795   700000000000279531102024000000000168922237002140000002795                0900000000000010100000000000000000000000000000000000000   000000000000000000000000004        170192477882     
0010001300018U 060000000000000000000000000000000000000000000000000000000000000000000001689220000000001689220000000000000000000000000000001110202414102024            000000000000000                              000                           
0010001300019T 0601897X0000000092096 24778822400003402   700000000000340211102024000000000087830237033710000003402                0900000000000010100000000000000000000000000000000000000   000000000000000000000000004        170192477882     
0010001300020U 060000000000000000000000000000000000000000000000000000000000000000000000878300000000000878300000000000000000000000000000001110202414102024            000000000000000                              000                           
0010001300021T 0601897X0000000092096 24778822400003458   700000000000345811102024000000000083568376000010000003458                0900000000000010100000000000000000000000000000000000000   000000000000000000000000004        170192477882     
0010001300022U 060000000000000000000000000000000000000000000000000000000000000000000000835680000000000835680000000000000000000000000000001110202414102024            000000000000000                              000                           
0010001300023T 0601897X0000000092096 24778822400004638   700000000000463811102024000000000037211341000540000004638                0900000000000010100000000000000000000000000000000000000   000000000000000000000000004        170192477882     
0010001300024U 060000000000000000000000000000000000000000000000000000000000000000000000372110000000000372110000000000000000000000000000001110202414102024            000000000000000                              000                           
0010001300025T 0601897X0000000092096 24778829000008258   7000008258      31102024000000000074129341031500000008258                0900000000000010100000000000000000000000000000000000000   000000000000000000000000004        170192477882     
0010001300026U 060000000000000000000000000000000000000000000000000000000000000000000000741290000000000741290000000000000000000000000000001110202414102024            000000000000000                              000                           
0010001300027T 0601897X0000000092096 24778829000008260   7000008260      11102024000000000029277341031500000008260                0900000000000010100000000000000000000000000000000000000   000000000000000000000000004        170192477882     
0010001300028U 060000000000000000000000000000000000000000000000000000000000000000000000292770000000000292770000000000000000000000000000001110202414102024            000000000000000                              000                           
00100015         000030004173000000015342982050000000000000000000000000000000000000000000000000000000000000000000000000000000000000000000000000000                                                                                              
00199999         000001000032000000                                                                                                                                                            00000000000000000000000000000                    
