00100000         2115139610001160024778820014       01897X0000000092096 FUNDACAO AGENCIA DAS BACIAS HIBANCO DO BRASIL                         22802202401201200553603000000829973081PROCESSAMEN                                                 
00100011T0100020 20115139610001160024778820014       01897X0000000092096 FUNDACAO AGENCIA DAS BACIAS HI                                                                                000000002802202400000000  000000000                      
0010001300001T 0601897X0000000092096 24778829000008028   7000008028      29022024000000000855807001045276000008028                0900000000000010040000000000000000000000000000000000000   000000000000000000000000034        170192477882     
0010001300002U 060000000000000000000000000000000000000000000000000000000000000000000008558070000000008558070000000000000000000000000000002802202429022024            000000000000000                              000                           
00100015         000004000035000000001412265950000000000000000000000000000000000000000000000000000000000000000000000000000000000000000000000000000                                                                                              
00199999         000001000006000000                                                                                                                                                            00000000000000000000000000000                    
