00100000         2115139610001160024778820014       01897X0000000092096 FUNDACAO AGENCIA DAS BACIAS HIBANCO DO BRASIL                         22912202302000100546903000000829973081PROCESSAMEN                                                 
00100011T0100020 20115139610001160024778820014       01897X0000000092096 FUNDACAO AGENCIA DAS BACIAS HI                                                                                000000002912202300000000  000000000                      
0010001300001T 0201897X0000000092096 24778829000007990   7000007990      04012024000000000023171001003409000007990                0900000000000010500000000000000000000000000000000000000   0000000000000000000000496A9A4      170192477882     
0010001300002U 020000000000000000000000000000000000000000000000000000000000000000000000000000000000000000000000000000000000000000000000002912202300000000            000000000000000                              000                           
0010001300003T 0201897X0000000092096 24778829000007991   7000007991      31012024000000000128134001001678000007991                0900000000000010500000000000000000000000000000000000000   0000000000000000000000496A9A4      170192477882     
0010001300004U 020000000000000000000000000000000000000000000000000000000000000000000000000000000000000000000000000000000000000000000000002912202300000000            000000000000000                              000                           
0010001300005T 0901897X0000000092096 24778822230003458   700000000000345822122023000000000022622001003409000003458                0900000000000000000000000000000000000000000000000000000   000000000000000000000037210        170192477882     
0010001300006U 090000000000000000000000000000000000000000000000000000000000000000000000000000000000000000000000000000000000000000000000002912202300000000            000000000000000                              000                           
00100015         000008000261000000002151682790000000000000000000000000000000000000000000000000000000000000000000000000000000000000000000000000000                                                                                              
00199999         000001000010000000                                                                                                                                                            00000000000000000000000000000                    
