00100000         2115139610001160024778820014       01897X0000000092096 FUNDACAO AGENCIA DAS BACIAS HIBANCO DO BRASIL                         22902202401360600553803000000829973081PROCESSAMEN                                                 
00100011T0100020 20115139610001160024778820014       01897X0000000092096 FUNDACAO AGENCIA DAS BACIAS HI                                                                                000000002902202400000000  000000000                      
0010001300001T 0601897X0000000092096 24778829000007902   7000007902      29022024000000008000000104003410000007902                0900000000000010100000000000000000000000000000000000000   000000000000000000000000004        170192477882     
0010001300002U 060000000000000000000000000000000000000000000000000000000000000000000080000000000000080000000000000000000000000000000000002902202401032024            000000000000000                              000                           
0010001300003T 0601897X0000000092096 24778829000007923   7000007923      29022024000000000191290655000010000007923                0900000000000010100000000000000000000000000000000000000   000000000000000000000000004        170192477882     
0010001300004U 060000000000000000000000000000000000000000000000000000000000000000000001912900000000001912900000000000000000000000000000002902202401032024            000000000000000                              000                           
0010001300005T 0601897X0000000092096 24778829000008003   7000008003      29022024000000001970464104019380000008003                0900000000000010100000000000000000000000000000000000000   000000000000000000000000004        170192477882     
0010001300006U 060000000000000000000000000000000000000000000000000000000000000000000019704640000000019704640000000000000000000000000000002902202401032024            000000000000000                              000                           
0010001300007T 0601897X0000000092096 24778829000008026   7000008026      29022024000000000094629341000190000008026                0900000000000010100000000000000000000000000000000000000   000000000000000000000000004        170192477882     
0010001300008U 060000000000000000000000000000000000000000000000000000000000000000000000946290000000000946290000000000000000000000000000002902202401032024            000000000000000                              000                           
0010001300009T 0601897X0000000092096 24778829000008027   7000008027      29022024000000000066110001001724000008027                0900000000000010040000000000000000000000000000000000000   000000000000000000000000034        170192477882     
0010001300010U 060000000000000000000000000000000000000000000000000000000000000000000000661100000000000661100000000000000000000000000000002902202401032024            000000000000000                              000                           
0010001300011T 0601897X0000000092096 24778829000008029   7000008029      29022024000000000080038033045580000008029                0900000000000010100000000000000000000000000000000000000   000000000000000000000000004        170192477882     
0010001300012U 060000000000000000000000000000000000000000000000000000000000000000000000800380000000000800380000000000000000000000000000002902202401032024            000000000000000                              000                           
0010001300013T 0601897X0000000092096 24778829000008033   7000008033      29022024000000000238152341081390000008033                0900000000000010100000000000000000000000000000000000000   000000000000000000000000004        170192477882     
0010001300014U 060000000000000000000000000000000000000000000000000000000000000000000002381520000000002381520000000000000000000000000000002902202401032024            000000000000000                              000                           
0010001300015T 0601897X0000000092096 24778829000008034   7000008034      29022024000000000136229237033670000008034                0900000000000010100000000000000000000000000000000000000   000000000000000000000000004        170192477882     
0010001300016U 060000000000000000000000000000000000000000000000000000000000000000000001362290000000001362290000000000000000000000000000002902202401032024            000000000000000                              000                           
00100015         000018000027000000001304496830000000000000000000000000000000000000000000000000000000000000000000000000000000000000000000000000000                                                                                              
00199999         000001000020000000                                                                                                                                                            00000000000000000000000000000                    
