00100000         2115139610001160024778820014       01897X0000000092096 FUNDACAO AGENCIA DAS BACIAS HIBANCO DO BRASIL                         20810202402000200578503000000829973081PROCESSAMEN                                                 
00100011T0100020 20115139610001160024778820014       01897X0000000092096 FUNDACAO AGENCIA DAS BACIAS HI                                                                                000000000810202400000000  000000000                      
0010001300001T 0201897X0000000092096 24778829000008263   7000008263      31102024000000000069224001009296000008263                0900000000000010500000000000000000000000000000000000000   0000000000000000000000496A9A4      170192477882     
0010001300002U 020000000000000000000000000000000000000000000000000000000000000000000000000000000000000000000000000000000000000000000000000810202400000000            000000000000000                              000                           
0010001300003T 0201897X0000000092096 24778829000008264   7000008264      31102024000000000122960001000566000008264                0900000000000010500000000000000000000000000000000000000   0000000000000000000000496A9A4      170192477882     
0010001300004U 020000000000000000000000000000000000000000000000000000000000000000000000000000000000000000000000000000000000000000000000000810202400000000            000000000000000                              000                           
0010001300005T 0201897X0000000092096 24778829000008265   7000008265      11102024000000000870526001000566000008265                0900000000000010000000000000000000000000000000000000000   0000000000000000000000496A9        170192477882     
0010001300006U 020000000000000000000000000000000000000000000000000000000000000000000000000000000000000000000000000000000000000000000000000810202400000000            000000000000000                              000                           
0010001300007T 0601897X0000000092096 24778822400000269   700000000000026908102024000000000041664487000010000000269                0900000000000010100000000000000000000000000000000000000   000000000000000000000000004        170192477882     
0010001300008U 060000000000000000000000000000000000000000000000000000000000000000000000416640000000000416640000000000000000000000000000000810202409102024            000000000000000                              000                           
0010001300009T 0601897X0000000092096 24778822400000582   700000000000058211102024000000000026634341038140000000582                0900000000000010100000000000000000000000000000000000000   000000000000000000000000004        170192477882     
0010001300010U 060000000000000000000000000000000000000000000000000000000000000000000000266340000000000266340000000000000000000000000000000810202409102024            000000000000000                              000                           
0010001300011T 0601897X0000000092096 24778822400000702   700000000000070230092024000000000023312509000010000000702                0900000000000010100000000000000000000000000000000000000   000000000000000000000000004        170192477882     
0010001300012U 060000000000005280000000000000000000000000000000000000000000000000000000238400000000000238400000000000000000000000000000000810202409102024            000000000000000                              000                           
0010001300013T 0601897X0000000092096 24778822400001452   700000000000145231102024000000000021027104007410000001452                0900000000000010100000000000000000000000000000000000000   000000000000000000000000004        170192477882     
0010001300014U 060000000000000000000000000000000000000000000000000000000000000000000000210270000000000210270000000000000000000000000000000810202409102024            000000000000000                              000                           
0010001300015T 0601897X0000000092096 24778822400001542   700000000000154230092024000000000025858274000010000001542                0900000000000010100000000000000000000000000000000000000   000000000000000000000000004        170192477882     
0010001300016U 060000000000005850000000000000000000000000000000000000000000000000000000264430000000000264430000000000000000000000000000000810202409102024            000000000000000                              000                           
0010001300017T 0601897X0000000092096 24778822400001543   700000000000154331102024000000000025857274000010000001543                0900000000000010100000000000000000000000000000000000000   000000000000000000000000004        170192477882     
0010001300018U 060000000000000000000000000000000000000000000000000000000000000000000000258570000000000258570000000000000000000000000000000810202409102024            000000000000000                              000                           
0010001300019T 0601897X0000000092096 24778822400001544   700000000000154429112024000000000025857274000010000001544                0900000000000010100000000000000000000000000000000000000   000000000000000000000000004        170192477882     
0010001300020U 060000000000000000000000000000000000000000000000000000000000000000000000258570000000000258570000000000000000000000000000000810202409102024            000000000000000                              000                           
0010001300021T 0601897X0000000092096 24778822400002066   700000000000206630092024000000004258693001009741000002066                0900000000000010040000000000000000000000000000000000000   000000000000000000000000034        170192477882     
0010001300022U 060000000000965180000000000000000000000000000000000000000000000000000043552110000000043552110000000000000000000000000000000810202409102024            000000000000000                              000                           
0010001300023T 0601897X0000000092096 24778822400002102   700000000000210208102024000000003076170104029090000002102                0900000000000010100000000000000000000000000000000000000   000000000000000000000000004        170192477882     
0010001300024U 060000000000000000000000000000000000000000000000000000000000000000000030761700000000030761700000000000000000000000000000000810202409102024            000000000000000                              000                           
0010001300025T 0601897X0000000092096 24778822400003123   700000000000312331102024000000000117107104029770000003123                0900000000000010100000000000000000000000000000000000000   000000000000000000000000004        170192477882     
0010001300026U 060000000000000000000000000000000000000000000000000000000000000000000001171070000000001171070000000000000000000000000000000810202409102024            000000000000000                              000                           
0010001300027T 0601897X0000000092096 24778822400005027   700000000000502731102024000000000031619033035840000005027                0900000000000010100000000000000000000000000000000000000   000000000000000000000000004        170192477882     
0010001300028U 060000000000000000000000000000000000000000000000000000000000000000000000316190000000000316190000000000000000000000000000000810202409102024            000000000000000                              000                           
0010001300029T 0901897X0000000092096 24778822400001779   700000000000177930092024000000000023074001009296000001779                0900000000000000000000000000000000000000000000000000000   000000000000000000000037210        170192477882     
0010001300030U 090000000000000000000000000000000000000000000000000000000000000000000000000000000000000000000000000000000000000000000000000810202400000000            000000000000000                              000                           
0010001300031T 0901897X0000000092096 24778822400001780   700000000000178031102024000000000023075001009296000001780                0900000000000000000000000000000000000000000000000000000   000000000000000000000037210        170192477882     
0010001300032U 090000000000000000000000000000000000000000000000000000000000000000000000000000000000000000000000000000000000000000000000000810202400000000            000000000000000                              000                           
0010001300033T 0901897X0000000092096 24778822400001781   700000000000178129112024000000000023075001009296000001781                0900000000000000000000000000000000000000000000000000000   000000000000000000000037210        170192477882     
0010001300034U 090000000000000000000000000000000000000000000000000000000000000000000000000000000000000000000000000000000000000000000000000810202400000000            000000000000000                              000                           
0010001300035T 1401897X0000000092096 24778822400000037   700000000000003711102024000000000374454001001724000000037                0900000000000000000000000000000000000000000000000000000   000000000000000000000000000        170192477882     
0010001300036U 140000000000000000000000000000000000000000000000000000000000000000000000000000000000000000000000000000000000000000000000000810202400000000            000000000000000                              000                           
0010001300037T 1401897X0000000092096 24778822400000232   700000000000023211102024000000000051818001004561000000232                0900000000000000000000000000000000000000000000000000000   000000000000000000000000000        170192477882     
0010001300038U 140000000000000000000000000000000000000000000000000000000000000000000000000000000000000000000000000000000000000000000000000810202400000000            000000000000000                              000                           
0010001300039T 1401897X0000000092096 24778822400000293   70000000000002931110202400000000003856100101849X000000293                0900000000000000000000000000000000000000000000000000000   000000000000000000000000000        170192477882     
0010001300040U 140000000000000000000000000000000000000000000000000000000000000000000000000000000000000000000000000000000000000000000000000810202400000000            000000000000000                              000                           
0010001300041T 1401897X0000000092096 24778822400000598   70000000000005981110202400000000002634900100216X000000598                0900000000000000000000000000000000000000000000000000000   000000000000000000000000000        170192477882     
0010001300042U 140000000000000000000000000000000000000000000000000000000000000000000000000000000000000000000000000000000000000000000000000810202400000000            000000000000000                              000                           
0010001300043T 1401897X0000000092096 24778822400002166   700000000000216620102024000000001250273001009903000002166                0900000000000000000000000000000000000000000000000000000   000000000000000000000000000        170192477882     
0010001300044U 140000000000000000000000000000000000000000000000000000000000000000000000000000000000000000000000000000000000000000000000000810202400000000            000000000000000                              000                           
0010001300045T 1401897X0000000092096 24778822400005234   700000000000523411102024000000000027812001001678000005234                0900000000000000000000000000000000000000000000000000000   000000000000000000000000000        170192477882     
0010001300046U 140000000000000000000000000000000000000000000000000000000000000000000000000000000000000000000000000000000000000000000000000810202400000000            000000000000000                              000                           
0010001300047T 1401897X0000000092096 24778822400005722   700000000000572225102024000000000021477001009946000005722                0900000000000000000000000000000000000000000000000000000   000000000000000000000000000        170192477882     
0010001300048U 140000000000000000000000000000000000000000000000000000000000000000000000000000000000000000000000000000000000000000000000000810202400000000            000000000000000                              000                           
00100015         000050004206000000015424775800000000000000000000000000000000000000000000000000000000000000000000000000000000000000000000000000000                                                                                              
00199999         000001000052000000                                                                                                                                                            00000000000000000000000000000                    
