00100000         2115139610001160024778820014       01897X0000000092096 FUNDACAO AGENCIA DAS BACIAS HIBANCO DO BRASIL                         21911202402032900584303000000829973081PROCESSAMEN                                                 
00100011T0100020 20115139610001160024778820014       01897X0000000092096 FUNDACAO AGENCIA DAS BACIAS HI                                                                                000000001911202400000000  000000000                      
0010001300001T 0601897X0000000092096 24778822400001673   700000000000167329112024000000000024314341000970000001673                0900000000000010100000000000000000000000000000000000000   000000000000000000000000004        170192477882     
0010001300002U 060000000000000000000000000000000000000000000000000000000000000000000000243140000000000243140000000000000000000000000000001911202421112024            000000000000000                              000                           
0010001300003T 0601897X0000000092096 24778822400001940   700000000000194029112024000000000020596509000010000001940                0900000000000010100000000000000000000000000000000000000   000000000000000000000000004        170192477882     
0010001300004U 060000000000000000000000000000000000000000000000000000000000000000000000205960000000000205960000000000000000000000000000001911202421112024            000000000000000                              000                           
0010001300005T 0601897X0000000092096 24778822400002032   700000000000203229112024000000008601794033002850000002032                0900000000000010100000000000000000000000000000000000000   000000000000000000000000004        170192477882     
0010001300006U 060000000000000000000000000000000000000000000000000000000000000000000086017940000000086017940000000000000000000000000000001911202421112024            000000000000000                              000                           
0010001300007T 0601897X0000000092096 24778822400002096   700000000000209629112024000000003185871033002850000002096                0900000000000010100000000000000000000000000000000000000   000000000000000000000000004        170192477882     
0010001300008U 060000000000000000000000000000000000000000000000000000000000000000000031858710000000031858710000000000000000000000000000001911202421112024            000000000000000                              000                           
0010001300009T 0601897X0000000092096 24778822400002132   700000000000213229112024000000001851747033002850000002132                0900000000000010100000000000000000000000000000000000000   000000000000000000000000004        170192477882     
0010001300010U 060000000000000000000000000000000000000000000000000000000000000000000018517470000000018517470000000000000000000000000000001911202421112024            000000000000000                              000                           
0010001300011T 0601897X0000000092096 24778822400002892   700000000000289229112024000000000148308001009741000002892                0900000000000010040000000000000000000000000000000000000   000000000000000000000000034        170192477882     
0010001300012U 060000000000000000000000000000000000000000000000000000000000000000000001483080000000001483080000000000000000000000000000001911202421112024            000000000000000                              000                           
0010001300013T 0601897X0000000092096 24778822400003149   700000000000314919122024000000000113228033001780000003149                0900000000000010100000000000000000000000000000000000000   000000000000000000000000004        170192477882     
0010001300014U 060000000000000000000000000000000000000000000000000000000000000000000001132280000000001132280000000000000000000000000000001911202421112024            000000000000000                              000                           
0010001300015T 0601897X0000000092096 24778822400003529   700000000000352919122024000000000078885341020000000003529                0900000000000010100000000000000000000000000000000000000   000000000000000000000000004        170192477882     
0010001300016U 060000000000000000000000000000000000000000000000000000000000000000000000788850000000000788850000000000000000000000000000001911202421112024            000000000000000                              000                           
0010001300017T 0601897X0000000092096 24778822400003632   700000000000363229112024000000000073008033042040000003632                0900000000000010100000000000000000000000000000000000000   000000000000000000000000004        170192477882     
0010001300018U 060000000000000000000000000000000000000000000000000000000000000000000000730080000000000730080000000000000000000000000000001911202421112024            000000000000000                              000                           
0010001300019T 0601897X0000000092096 24778822400003864   700000000000386429112024000000000063184033013190000003864                0900000000000010100000000000000000000000000000000000000   000000000000000000000000004        170192477882     
0010001300020U 060000000000000000000000000000000000000000000000000000000000000000000000631840000000000631840000000000000000000000000000001911202421112024            000000000000000                              000                           
0010001300021T 0601897X0000000092096 24778822400004080   700000000000408029112024000000000056163341011450000004080                0900000000000010100000000000000000000000000000000000000   000000000000000000000000004        170192477882     
0010001300022U 060000000000000000000000000000000000000000000000000000000000000000000000561630000000000561630000000000000000000000000000001911202421112024            000000000000000                              000                           
0010001300023T 0601897X0000000092096 24778822400004308   700000000000430829112024000000000047575033002850000004308                0900000000000010100000000000000000000000000000000000000   000000000000000000000000004        170192477882     
0010001300024U 060000000000000000000000000000000000000000000000000000000000000000000000475750000000000475750000000000000000000000000000001911202421112024            000000000000000                              000                           
0010001300025T 0601897X0000000092096 24778822400004536   700000000000453629112024000000000040255237023930000004536                0900000000000010100000000000000000000000000000000000000   000000000000000000000000004        170192477882     
0010001300026U 060000000000000000000000000000000000000000000000000000000000000000000000402550000000000402550000000000000000000000000000001911202421112024            000000000000000                              000                           
0010001300027T 0601897X0000000092096 24778822400004620   700000000000462029112024000000000038098341000110000004620                0900000000000010100000000000000000000000000000000000000   000000000000000000000000004        170192477882     
0010001300028U 060000000000000000000000000000000000000000000000000000000000000000000000380980000000000380980000000000000000000000000000001911202421112024            000000000000000                              000                           
0010001300029T 0601897X0000000092096 24778822400004712   700000000000471229112024000000000036496341004450000004712                0900000000000010100000000000000000000000000000000000000   000000000000000000000000004        170192477882     
0010001300030U 060000000000000000000000000000000000000000000000000000000000000000000000364960000000000364960000000000000000000000000000001911202421112024            000000000000000                              000                           
0010001300031T 0601897X0000000092096 24778822400004964   700000000000496429112024000000000032594341009120000004964                0900000000000010100000000000000000000000000000000000000   000000000000000000000000004        170192477882     
0010001300032U 060000000000000000000000000000000000000000000000000000000000000000000000325940000000000325940000000000000000000000000000001911202421112024            000000000000000                              000                           
0010001300033T 0601897X0000000092096 24778822400005081   700000000000508119122024000000000030565341007340000005081                0900000000000010100000000000000000000000000000000000000   000000000000000000000000004        170192477882     
0010001300034U 060000000000000000000000000000000000000000000000000000000000000000000000305650000000000305650000000000000000000000000000001911202421112024            000000000000000                              000                           
0010001300035T 0601897X0000000092096 24778822400005236   700000000000523629112024000000000027813237004800000005236                0900000000000010100000000000000000000000000000000000000   000000000000000000000000004        170192477882     
0010001300036U 060000000000000000000000000000000000000000000000000000000000000000000000278130000000000278130000000000000000000000000000001911202421112024            000000000000000                              000                           
0010001300037T 0601897X0000000092096 24778822400005413   700000000000541319122024000000000025046237005200000005413                0900000000000010100000000000000000000000000000000000000   000000000000000000000000004        170192477882     
0010001300038U 060000000000000000000000000000000000000000000000000000000000000000000000250460000000000250460000000000000000000000000000001911202421112024            000000000000000                              000                           
0010001300039T 0601897X0000000092096 24778822400005440   700000000000544029112024000000000024519033032440000005440                0900000000000010100000000000000000000000000000000000000   000000000000000000000000004        170192477882     
0010001300040U 060000000000000000000000000000000000000000000000000000000000000000000000245190000000000245190000000000000000000000000000001911202421112024            000000000000000                              000                           
0010001300041T 0601897X0000000092096 24778822400005528   700000000000552829112024000000000023055237001870000005528                0900000000000010100000000000000000000000000000000000000   000000000000000000000000004        170192477882     
0010001300042U 060000000000000000000000000000000000000000000000000000000000000000000000230550000000000230550000000000000000000000000000001911202421112024            000000000000000                              000                           
0010001300043T 0601897X0000000092096 24778822400005844   700000000000584429112024000000000020252033000900000005844                0900000000000010100000000000000000000000000000000000000   000000000000000000000000004        170192477882     
0010001300044U 060000000000000000000000000000000000000000000000000000000000000000000000202520000000000202520000000000000000000000000000001911202421112024            000000000000000                              000                           
0010001300045T 0601897X0000000092096 24778829000008320   7000008320      29112024000000000359456341014030000008320                0900000000000010100000000000000000000000000000000000000   000000000000000000000000004        170192477882     
0010001300046U 060000000000000000000000000000000000000000000000000000000000000000000003594560000000003594560000000000000000000000000000001911202421112024            000000000000000                              000                           
0010001300047T 0601897X0000000092096 24778829000008405   7000008405      29112024000000000043650341000500000008405                0900000000000010100000000000000000000000000000000000000   000000000000000000000000004        170192477882     
0010001300048U 060000000000000000000000000000000000000000000000000000000000000000000000436500000000000436500000000000000000000000000000001911202421112024            000000000000000                              000                           
0010001300049T 0901897X0000000092096 24778822400001641   700000000000164115102024000000000024397001004154000001641                0900000000000000000000000000000000000000000000000000000   000000000000000000000037209        170192477882     
0010001300050U 090000000000000000000000000000000000000000000000000000000000000000000000000000000000000000000000000000000000000000000000001911202400000000            000000000000000                              000                           
00100015         000052002429000000009884579410000000000000000000000000000000000000000000000000000000000000000000000000000000000000000000000000000                                                                                              
00199999         000001000054000000                                                                                                                                                            00000000000000000000000000000                    
