00100000         2115139610001160024778820014       01897X0000000092096 FUNDACAO AGENCIA DAS BACIAS HIBANCO DO BRASIL                         23001202401224800550703000000829973081PROCESSAMEN                                                 
00100011T0100020 20115139610001160024778820014       01897X0000000092096 FUNDACAO AGENCIA DAS BACIAS HI                                                                                000000003001202400000000  000000000                      
0010001300001T 0201897X0000000092096 24778829000008026   7000008026      29022024000000000094629001003409000008026                0900000000000010000000000000000000000000000000000000000   0000000000000000000000496A9        170192477882     
0010001300002U 020000000000000000000000000000000000000000000000000000000000000000000000000000000000000000000000000000000000000000000000003001202400000000            000000000000000                              000                           
0010001300003T 0601897X0000000092096 24778829000007893   7000007893      31012024000000022041723001069779000007893                0900000000000010040000000000000000000000000000000000000   000000000000000000000000034        170192477882     
0010001300004U 060000000000000000000000000000000000000000000000000000000000000000000220417230000000220417230000000000000000000000000000003001202431012024            000000000000000                              000                           
0010001300005T 0601897X0000000092096 24778829000007991   7000007991      31012024000000000128134237032210000007991                0900000000000010100000000000000000000000000000000000000   000000000000000000000000004        170192477882     
0010001300006U 060000000000000000000000000000000000000000000000000000000000000000000001281340000000001281340000000000000000000000000000003001202431012024            000000000000000                              000                           
0010001300007T 0601897X0000000092096 24778829000007998   7000007998      31012024000000000025360341000140000007998                0900000000000010100000000000000000000000000000000000000   000000000000000000000000004        170192477882     
0010001300008U 060000000000000000000000000000000000000000000000000000000000000000000000253600000000000253600000000000000000000000000000003001202431012024            000000000000000                              000                           
0010001300009T 0601897X0000000092096 24778829000008018   7000008018      31012024000000000023900341009100000008018                0900000000000010100000000000000000000000000000000000000   000000000000000000000000004        170192477882     
0010001300010U 060000000000000000000000000000000000000000000000000000000000000000000000239000000000000239000000000000000000000000000000003001202431012024            000000000000000                              000                           
0010001300011T 0601897X0000000092096 24778829000008019   7000008019      31012024000000000059454341001400000008019                0900000000000010100000000000000000000000000000000000000   000000000000000000000000004        170192477882     
0010001300012U 060000000000000000000000000000000000000000000000000000000000000000000000594540000000000594540000000000000000000000000000003001202431012024            000000000000000                              000                           
00100015         000014000046000000001734304170000000000000000000000000000000000000000000000000000000000000000000000000000000000000000000000000000                                                                                              
00199999         000001000016000000                                                                                                                                                            00000000000000000000000000000                    
