00100000         2115139610001160024778820014       01897X0000000092096 FUNDACAO AGENCIA DAS BACIAS HIBANCO DO BRASIL                         22208202402000200571903000000829973081PROCESSAMEN                                                 
00100011T0100020 20115139610001160024778820014       01897X0000000092096 FUNDACAO AGENCIA DAS BACIAS HI                                                                                000000002208202400000000  000000000                      
0010001300001T 0201897X0000000092096 24778829000008167   7000008167      3008202400000000003903600101849X000008167                0900000000000010000000000000000000000000000000000000000   0000000000000000000000496A9        170192477882     
0010001300002U 020000000000000000000000000000000000000000000000000000000000000000000000000000000000000000000000000000000000000000000000002208202400000000            000000000000000                              000                           
0010001300003T 0201897X0000000092096 24778829000008168   7000008168      30082024000000000036037001003018000008168                0900000000000010500000000000000000000000000000000000000   0000000000000000000000496A9A4      170192477882     
0010001300004U 020000000000000000000000000000000000000000000000000000000000000000000000000000000000000000000000000000000000000000000000002208202400000000            000000000000000                              000                           
0010001300005T 0201897X0000000092096 24778829000008169   7000008169      30082024000000000033747001020125000008169                0900000000000010500000000000000000000000000000000000000   0000000000000000000000496A9A4      170192477882     
0010001300006U 020000000000000000000000000000000000000000000000000000000000000000000000000000000000000000000000000000000000000000000000002208202400000000            000000000000000                              000                           
0010001300007T 0601897X0000000092096 24778829000008164   7000008164      30082024000000000041667756014180000008164                0900000000000010100000000000000000000000000000000000000   000000000000000000000000004        170192477882     
0010001300008U 060000000000000000000000000000000000000000000000000000000000000000000000416670000000000416670000000000000000000000000000002208202423082024            000000000000000                              000                           
00100015         000010000076000000000588020820000000000000000000000000000000000000000000000000000000000000000000000000000000000000000000000000000                                                                                              
00199999         000001000012000000                                                                                                                                                            00000000000000000000000000000                    
