00100000         2115139610001160024778820014       01897X0000000092096 FUNDACAO AGENCIA DAS BACIAS HIBANCO DO BRASIL                         20909202401521500574303000000829973081PROCESSAMEN                                                 
00100011T0100020 20115139610001160024778820014       01897X0000000092096 FUNDACAO AGENCIA DAS BACIAS HI                                                                                000000000909202400000000  000000000                      
0010001300001T 0201897X0000000092096 24778829000008203   7000008203      30092024000000000025104001000566000008203                0900000000000010500000000000000000000000000000000000000   0000000000000000000000496A9A4      170192477882     
0010001300002U 020000000000000000000000000000000000000000000000000000000000000000000000000000000000000000000000000000000000000000000000000909202400000000            000000000000000                              000                           
0010001300003T 0201897X0000000092096 24778829000008204   7000008204      31102024000000000025104001000566000008204                0900000000000010500000000000000000000000000000000000000   0000000000000000000000496A9A4      170192477882     
0010001300004U 020000000000000000000000000000000000000000000000000000000000000000000000000000000000000000000000000000000000000000000000000909202400000000            000000000000000                              000                           
0010001300005T 0201897X0000000092096 24778829000008205   7000008205      29112024000000000025104001000566000008205                0900000000000010500000000000000000000000000000000000000   0000000000000000000000496A9A4      170192477882     
0010001300006U 020000000000000000000000000000000000000000000000000000000000000000000000000000000000000000000000000000000000000000000000000909202400000000            000000000000000                              000                           
0010001300007T 0201897X0000000092096 24778829000008206   7000008206      30092024000000000057907001008117000008206                0900000000000010000000000000000000000000000000000000000   0000000000000000000000496A9        170192477882     
0010001300008U 020000000000000000000000000000000000000000000000000000000000000000000000000000000000000000000000000000000000000000000000000909202400000000            000000000000000                              000                           
0010001300009T 0601897X0000000092096 24778822400000006   700000000000000630092024000000001971506745000010000000006                0900000000000010100000000000000000000000000000000000000   000000000000000000000000004        170192477882     
0010001300010U 060000000000000000000000000000000000000000000000000000000000000000000019715060000000019715060000000000000000000000000000000909202410092024            000000000000000                              000                           
0010001300011T 0601897X0000000092096 24778822400000838   700000000000083830092024000000000018211237003150000000838                0900000000000010100000000000000000000000000000000000000   000000000000000000000000004        170192477882     
0010001300012U 060000000000000000000000000000000000000000000000000000000000000000000000182110000000000182110000000000000000000000000000000909202410092024            000000000000000                              000                           
0010001300013T 0601897X0000000092096 24778822400001451   700000000000145130092024000000000021026104007410000001451                0900000000000010100000000000000000000000000000000000000   000000000000000000000000004        170192477882     
0010001300014U 060000000000000000000000000000000000000000000000000000000000000000000000210260000000000210260000000000000000000000000000000909202410092024            000000000000000                              000                           
0010001300015T 0601897X0000000092096 24778822400001974   700000000000197430092024000000000020063341000550000001974                0900000000000010100000000000000000000000000000000000000   000000000000000000000000004        170192477882     
0010001300016U 060000000000000000000000000000000000000000000000000000000000000000000000200630000000000200630000000000000000000000000000000909202410092024            000000000000000                              000                           
0010001300017T 0601897X0000000092096 24778822400002118   700000000000211830092024000000002137389341018280000002118                0900000000000010100000000000000000000000000000000000000   000000000000000000000000004        170192477882     
0010001300018U 060000000000000000000000000000000000000000000000000000000000000000000021373890000000021373890000000000000000000000000000000909202410092024            000000000000000                              000                           
0010001300019T 0601897X0000000092096 24778822400002119   700000000000211931102024000000002137388341018280000002119                0900000000000010100000000000000000000000000000000000000   000000000000000000000000004        170192477882     
0010001300020U 060000000000000000000000000000000000000000000000000000000000000000000021373880000000021373880000000000000000000000000000000909202410092024            000000000000000                              000                           
0010001300021T 0601897X0000000092096 24778822400002120   700000000000212029112024000000002137388341018280000002120                0900000000000010100000000000000000000000000000000000000   000000000000000000000000004        170192477882     
0010001300022U 060000000000000000000000000000000000000000000000000000000000000000000021373880000000021373880000000000000000000000000000000909202410092024            000000000000000                              000                           
0010001300023T 0601897X0000000092096 24778822400002121   700000000000212119122024000000002137388341018280000002121                0900000000000010100000000000000000000000000000000000000   000000000000000000000000004        170192477882     
0010001300024U 060000000000000000000000000000000000000000000000000000000000000000000021373880000000021373880000000000000000000000000000000909202410092024            000000000000000                              000                           
0010001300025T 0601897X0000000092096 24778822400002438   700000000000243830092024000000000331218341042780000002438                0900000000000010100000000000000000000000000000000000000   000000000000000000000000004        170192477882     
0010001300026U 060000000000000000000000000000000000000000000000000000000000000000000003312180000000003312180000000000000000000000000000000909202410092024            000000000000000                              000                           
0010001300027T 0601897X0000000092096 24778822400002439   700000000000243931102024000000000331219341042780000002439                0900000000000010100000000000000000000000000000000000000   000000000000000000000000004        170192477882     
0010001300028U 060000000000000000000000000000000000000000000000000000000000000000000003312190000000003312190000000000000000000000000000000909202410092024            000000000000000                              000                           
0010001300029T 0601897X0000000092096 24778822400002440   700000000000244029112024000000000331219341042780000002440                0900000000000010100000000000000000000000000000000000000   000000000000000000000000004        170192477882     
0010001300030U 060000000000000000000000000000000000000000000000000000000000000000000003312190000000003312190000000000000000000000000000000909202410092024            000000000000000                              000                           
0010001300031T 0601897X0000000092096 24778822400002441   700000000000244119122024000000000331219341042780000002441                0900000000000010100000000000000000000000000000000000000   000000000000000000000000004        170192477882     
0010001300032U 060000000000000000000000000000000000000000000000000000000000000000000003312190000000003312190000000000000000000000000000000909202410092024            000000000000000                              000                           
0010001300033T 0601897X0000000092096 24778822400004598   700000000000459830092024000000000038602341002800000004598                0900000000000010100000000000000000000000000000000000000   000000000000000000000000004        170192477882     
0010001300034U 060000000000000000000000000000000000000000000000000000000000000000000000386020000000000386020000000000000000000000000000000909202410092024            000000000000000                              000                           
0010001300035T 0901897X0000000092096 24778822400001575   700000000000157530092024000000000025104001000566000001575                0900000000000000000000000000000000000000000000000000000   000000000000000000000037210        170192477882     
0010001300036U 090000000000000000000000000000000000000000000000000000000000000000000000000000000000000000000000000000000000000000000000000909202400000000            000000000000000                              000                           
0010001300037T 0901897X0000000092096 24778822400001576   700000000000157631102024000000000025104001000566000001576                0900000000000000000000000000000000000000000000000000000   000000000000000000000037210        170192477882     
0010001300038U 090000000000000000000000000000000000000000000000000000000000000000000000000000000000000000000000000000000000000000000000000909202400000000            000000000000000                              000                           
0010001300039T 0901897X0000000092096 24778822400001577   700000000000157729112024000000000025104001000566000001577                0900000000000000000000000000000000000000000000000000000   000000000000000000000037210        170192477882     
0010001300040U 090000000000000000000000000000000000000000000000000000000000000000000000000000000000000000000000000000000000000000000000000909202400000000            000000000000000                              000                           
0010001300041T 0901897X0000000092096 24778822400003866   700000000000386630092024000000000062579001003409000003866                0900000000000000000000000000000000000000000000000000000   000000000000000000000037210        170192477882     
0010001300042U 090000000000000000000000000000000000000000000000000000000000000000000000000000000000000000000000000000000000000000000000000909202400000000            000000000000000                              000                           
0010001300043T 0901897X0000000092096 24778822400003867   700000000000386731102024000000000062579001003409000003867                0900000000000000000000000000000000000000000000000000000   000000000000000000000037210        170192477882     
0010001300044U 090000000000000000000000000000000000000000000000000000000000000000000000000000000000000000000000000000000000000000000000000909202400000000            000000000000000                              000                           
0010001300045T 0901897X0000000092096 24778822400003868   700000000000386829112024000000000062579001003409000003868                0900000000000000000000000000000000000000000000000000000   000000000000000000000037210        170192477882     
0010001300046U 090000000000000000000000000000000000000000000000000000000000000000000000000000000000000000000000000000000000000000000000000909202400000000            000000000000000                              000                           
0010001300047T 0901897X0000000092096 24778822400003869   700000000000386919122024000000000062579001003409000003869                0900000000000000000000000000000000000000000000000000000   000000000000000000000037210        170192477882     
0010001300048U 090000000000000000000000000000000000000000000000000000000000000000000000000000000000000000000000000000000000000000000000000909202400000000            000000000000000                              000                           
00100015         000050005888000000020904527110000000000000000000000000000000000000000000000000000000000000000000000000000000000000000000000000000                                                                                              
00199999         000001000052000000                                                                                                                                                            00000000000000000000000000000                    
