00100000         2115139610001160024778820014       01897X0000000092096 FUNDACAO AGENCIA DAS BACIAS HIBANCO DO BRASIL                         20508202402115700569503000000829973081PROCESSAMEN                                                 
00100011T0100020 20115139610001160024778820014       01897X0000000092096 FUNDACAO AGENCIA DAS BACIAS HI                                                                                000000000508202400000000  000000000                      
0010001300001T 0201897X0000000092096 24778829000008129   7000008129      30082024000000000712193001022004000008129                0900000000000010000000000000000000000000000000000000000   0000000000000000000000496A9        170192477882     
0010001300002U 020000000000000000000000000000000000000000000000000000000000000000000000000000000000000000000000000000000000000000000000000508202400000000            000000000000000                              000                           
0010001300003T 0201897X0000000092096 24778829000008130   7000008130      30082024000000000057831001069833000008130                0900000000000010000000000000000000000000000000000000000   0000000000000000000000496A9        170192477882     
0010001300004U 020000000000000000000000000000000000000000000000000000000000000000000000000000000000000000000000000000000000000000000000000508202400000000            000000000000000                              000                           
0010001300005T 0201897X0000000092096 24778829000008131   7000008131      30092024000000000057831001069833000008131                0900000000000010000000000000000000000000000000000000000   0000000000000000000000496A9        170192477882     
0010001300006U 020000000000000000000000000000000000000000000000000000000000000000000000000000000000000000000000000000000000000000000000000508202400000000            000000000000000                              000                           
0010001300007T 0201897X0000000092096 24778829000008132   7000008132      31102024000000000057831001069833000008132                0900000000000010000000000000000000000000000000000000000   0000000000000000000000496A9        170192477882     
0010001300008U 020000000000000000000000000000000000000000000000000000000000000000000000000000000000000000000000000000000000000000000000000508202400000000            000000000000000                              000                           
0010001300009T 0201897X0000000092096 24778829000008133   7000008133      29112024000000000057831001069833000008133                0900000000000010000000000000000000000000000000000000000   0000000000000000000000496A9        170192477882     
0010001300010U 020000000000000000000000000000000000000000000000000000000000000000000000000000000000000000000000000000000000000000000000000508202400000000            000000000000000                              000                           
0010001300011T 0201897X0000000092096 24778829000008134   7000008134      31122024000000000057831001069833000008134                0900000000000010000000000000000000000000000000000000000   0000000000000000000000496A9        170192477882     
0010001300012U 020000000000000000000000000000000000000000000000000000000000000000000000000000000000000000000000000000000000000000000000000508202400000000            000000000000000                              000                           
00100015         000014000048000000000564330450000000000000000000000000000000000000000000000000000000000000000000000000000000000000000000000000000                                                                                              
00199999         000001000016000000                                                                                                                                                            00000000000000000000000000000                    
