00100000         2115139610001160024778820014       01897X0000000092096 FUNDACAO AGENCIA DAS BACIAS HIBANCO DO BRASIL                         21812202402021700588303000000829973081PROCESSAMEN                                                 
00100011T0100020 20115139610001160024778820014       01897X0000000092096 FUNDACAO AGENCIA DAS BACIAS HI                                                                                000000001812202400000000  000000000                      
0010001300001T 0201897X0000000092096 24778829000008460   7000008460      31012025000000000051722001009903000008460                0900000000000010500000000000000000000000000000000000000   0000000000000000000000496A9A4      170192477882     
0010001300002U 020000000000000000000000000000000000000000000000000000000000000000000000000000000000000000000000000000000000000000000000001812202400000000            000000000000000                              000                           
0010001300003T 0201897X0000000092096 24778829000008461   7000008461      28022025000000000051722001009903000008461                0900000000000010500000000000000000000000000000000000000   0000000000000000000000496A9A4      170192477882     
0010001300004U 020000000000000000000000000000000000000000000000000000000000000000000000000000000000000000000000000000000000000000000000001812202400000000            000000000000000                              000                           
0010001300005T 0201897X0000000092096 24778829000008462   7000008462      31032025000000000051722001009903000008462                0900000000000010500000000000000000000000000000000000000   0000000000000000000000496A9A4      170192477882     
0010001300006U 020000000000000000000000000000000000000000000000000000000000000000000000000000000000000000000000000000000000000000000000001812202400000000            000000000000000                              000                           
0010001300007T 0201897X0000000092096 24778829000008463   7000008463      30042025000000000051722001009903000008463                0900000000000010500000000000000000000000000000000000000   0000000000000000000000496A9A4      170192477882     
0010001300008U 020000000000000000000000000000000000000000000000000000000000000000000000000000000000000000000000000000000000000000000000001812202400000000            000000000000000                              000                           
0010001300009T 0201897X0000000092096 24778829000008464   7000008464      30052025000000000051722001009903000008464                0900000000000010500000000000000000000000000000000000000   0000000000000000000000496A9A4      170192477882     
0010001300010U 020000000000000000000000000000000000000000000000000000000000000000000000000000000000000000000000000000000000000000000000001812202400000000            000000000000000                              000                           
0010001300011T 0201897X0000000092096 24778829000008465   7000008465      30062025000000000051722001009903000008465                0900000000000010500000000000000000000000000000000000000   0000000000000000000000496A9A4      170192477882     
0010001300012U 020000000000000000000000000000000000000000000000000000000000000000000000000000000000000000000000000000000000000000000000001812202400000000            000000000000000                              000                           
0010001300013T 0201897X0000000092096 24778829000008466   7000008466      27122024000000000153689001003018000008466                0900000000000010000000000000000000000000000000000000000   0000000000000000000000496A9        170192477882     
0010001300014U 020000000000000000000000000000000000000000000000000000000000000000000000000000000000000000000000000000000000000000000000001812202400000000            000000000000000                              000                           
0010001300015T 0201897X0000000092096 24778829000008467   7000008467      20122024000000000293069001069833000008467                0900000000000010000000000000000000000000000000000000000   0000000000000000000000496A9        170192477882     
0010001300016U 020000000000000000000000000000000000000000000000000000000000000000000000000000000000000000000000000000000000000000000000001812202400000000            000000000000000                              000                           
0010001300017T 0601897X0000000092096 24778822400002089   700000000000208919122024000000003538073001045276000002089                0900000000000010040000000000000000000000000000000000000   000000000000000000000000034        170192477882     
0010001300018U 060000000000000000000000000000000000000000000000000000000000000000000035380730000000035380730000000000000000000000000000001812202419122024            000000000000000                              000                           
0010001300019T 0601897X0000000092096 24778822400002113   700000000000211319122024000000002711365341009100000002113                0900000000000010100000000000000000000000000000000000000   000000000000000000000000004        170192477882     
0010001300020U 060000000000000000000000000000000000000000000000000000000000000000000027113650000000027113650000000000000000000000000000001812202419122024            000000000000000                              000                           
0010001300021T 0601897X0000000092096 24778822400002193   700000000000219319122024000000001020693001006998000002193                0900000000000010040000000000000000000000000000000000000   000000000000000000000000034        170192477882     
0010001300022U 060000000000000000000000000000000000000000000000000000000000000000000010206930000000010206930000000000000000000000000000001812202419122024            000000000000000                              000                           
0010001300023T 0601897X0000000092096 24778822400002285   700000000000228519122024000000000528365237033710000002285                0900000000000010100000000000000000000000000000000000000   000000000000000000000000004        170192477882     
0010001300024U 060000000000000000000000000000000000000000000000000000000000000000000005283650000000005283650000000000000000000000000000001812202419122024            000000000000000                              000                           
0010001300025T 0601897X0000000092096 24778822400002317   700000000000231719122024000000000489395237013680000002317                0900000000000010100000000000000000000000000000000000000   000000000000000000000000004        170192477882     
0010001300026U 060000000000000000000000000000000000000000000000000000000000000000000004893950000000004893950000000000000000000000000000001812202419122024            000000000000000                              000                           
0010001300027T 0601897X0000000092096 24778822400002333   700000000000233319122024000000000438997756085660000002333                0900000000000010100000000000000000000000000000000000000   000000000000000000000000004        170192477882     
0010001300028U 060000000000000000000000000000000000000000000000000000000000000000000004389970000000004389970000000000000000000000000000001812202419122024            000000000000000                              000                           
0010001300029T 0601897X0000000092096 24778822400002385   700000000000238519122024000000000389609745000040000002385                0900000000000010100000000000000000000000000000000000000   000000000000000000000000004        170192477882     
0010001300030U 060000000000000000000000000000000000000000000000000000000000000000000003896090000000003896090000000000000000000000000000001812202419122024            000000000000000                              000                           
0010001300031T 0601897X0000000092096 24778822400002473   700000000000247319122024000000000318734001031496000002473                0900000000000010040000000000000000000000000000000000000   000000000000000000000000034        170192477882     
0010001300032U 060000000000000000000000000000000000000000000000000000000000000000000003187340000000003187340000000000000000000000000000001812202419122024            000000000000000                              000                           
0010001300033T 0601897X0000000092096 24778822400002517   700000000000251719122024000000000288113237033710000002517                0900000000000010100000000000000000000000000000000000000   000000000000000000000000004        170192477882     
0010001300034U 060000000000000000000000000000000000000000000000000000000000000000000002881130000000002881130000000000000000000000000000001812202419122024            000000000000000                              000                           
0010001300035T 0601897X0000000092096 24778822400002621   700000000000262119122024000000000222636001033626000002621                0900000000000010090000000000000000000000000000000000000   000000000000000000000000006        170192477882     
0010001300036U 060000000000000000000000000000000000000000000000000000000000000000000002226360000000002226360000000000000000000000000000001812202419122024            000000000000000                              000                           
0010001300037T 0601897X0000000092096 24778822400002641   700000000000264119122024000000000216335341015650000002641                0900000000000010100000000000000000000000000000000000000   000000000000000000000000004        170192477882     
0010001300038U 060000000000000000000000000000000000000000000000000000000000000000000002163350000000002163350000000000000000000000000000001812202419122024            000000000000000                              000                           
0010001300039T 0601897X0000000092096 24778822400002697   700000000000269719122024000000000200545001045276000002697                0900000000000010040000000000000000000000000000000000000   000000000000000000000000034        170192477882     
0010001300040U 060000000000000000000000000000000000000000000000000000000000000000000002005450000000002005450000000000000000000000000000001812202419122024            000000000000000                              000                           
0010001300041T 0601897X0000000092096 24778822400002797   700000000000279719122024000000000168922341025180000002797                0900000000000010100000000000000000000000000000000000000   000000000000000000000000004        170192477882     
0010001300042U 060000000000000000000000000000000000000000000000000000000000000000000001689220000000001689220000000000000000000000000000001812202419122024            000000000000000                              000                           
0010001300043T 0601897X0000000092096 24778822400002853   700000000000285319122024000000000155114341015650000002853                0900000000000010100000000000000000000000000000000000000   000000000000000000000000004        170192477882     
0010001300044U 060000000000000000000000000000000000000000000000000000000000000000000001551140000000001551140000000000000000000000000000001812202419122024            000000000000000                              000                           
0010001300045T 0601897X0000000092096 24778822400003045   700000000000304519122024000000000128015509000010000003045                0900000000000010100000000000000000000000000000000000000   000000000000000000000000004        170192477882     
0010001300046U 060000000000000000000000000000000000000000000000000000000000000000000001280150000000001280150000000000000000000000000000001812202419122024            000000000000000                              000                           
0010001300047T 0601897X0000000092096 24778822400003061   700000000000306119122024000000000125541341008970000003061                0900000000000010100000000000000000000000000000000000000   000000000000000000000000004        170192477882     
0010001300048U 060000000000000000000000000000000000000000000000000000000000000000000001255410000000001255410000000000000000000000000000001812202419122024            000000000000000                              000                           
0010001300049T 0601897X0000000092096 24778822400003133   700000000000313319122024000000000115801341000330000003133                0900000000000010100000000000000000000000000000000000000   000000000000000000000000004        170192477882     
0010001300050U 060000000000000000000000000000000000000000000000000000000000000000000001158010000000001158010000000000000000000000000000001812202419122024            000000000000000                              000                           
0010001300051T 0601897X0000000092096 24778822400003185   700000000000318519122024000000000111144341015650000003185                0900000000000010100000000000000000000000000000000000000   000000000000000000000000004        170192477882     
0010001300052U 060000000000000000000000000000000000000000000000000000000000000000000001111440000000001111440000000000000000000000000000001812202419122024            000000000000000                              000                           
0010001300053T 0601897X0000000092096 24778822400003201   700000000000320119122024000000000110559341000300000003201                0900000000000010100000000000000000000000000000000000000   000000000000000000000000004        170192477882     
0010001300054U 060000000000000000000000000000000000000000000000000000000000000000000001105590000000001105590000000000000000000000000000001812202419122024            000000000000000                              000                           
0010001300055T 0601897X0000000092096 24778822400003205   700000000000320519122024000000000109788237009270000003205                0900000000000010100000000000000000000000000000000000000   000000000000000000000000004        170192477882     
0010001300056U 060000000000000000000000000000000000000000000000000000000000000000000001097880000000001097880000000000000000000000000000001812202419122024            000000000000000                              000                           
0010001300057T 0601897X0000000092096 24778822400003249   700000000000324919122024000000000106128341002790000003249                0900000000000010100000000000000000000000000000000000000   000000000000000000000000004        170192477882     
0010001300058U 060000000000000000000000000000000000000000000000000000000000000000000001061280000000001061280000000000000000000000000000001812202419122024            000000000000000                              000                           
0010001300059T 0601897X0000000092096 24778822400003313   700000000000331319122024000000000098788341000280000003313                0900000000000010100000000000000000000000000000000000000   000000000000000000000000004        170192477882     
0010001300060U 060000000000000000000000000000000000000000000000000000000000000000000000987880000000000987880000000000000000000000000000001812202419122024            000000000000000                              000                           
0010001300061T 0601897X0000000092096 24778822400003365   700000000000336519122024000000000090623341000280000003365                0900000000000010100000000000000000000000000000000000000   000000000000000000000000004        170192477882     
0010001300062U 060000000000000000000000000000000000000000000000000000000000000000000000906230000000000906230000000000000000000000000000001812202419122024            000000000000000                              000                           
0010001300063T 0601897X0000000092096 24778822400003653   700000000000365319122024000000000072457341086800000003653                0900000000000010100000000000000000000000000000000000000   000000000000000000000000004        170192477882     
0010001300064U 060000000000000000000000000000000000000000000000000000000000000000000000724570000000000724570000000000000000000000000000001812202419122024            000000000000000                              000                           
0010001300065T 0601897X0000000092096 24778822400003689   700000000000368919122024000000000070996237004800000003689                0900000000000010100000000000000000000000000000000000000   000000000000000000000000004        170192477882     
0010001300066U 060000000000000000000000000000000000000000000000000000000000000000000000709960000000000709960000000000000000000000000000001812202419122024            000000000000000                              000                           
0010001300067T 0601897X0000000092096 24778822400003725   700000000000372519122024000000000067826341008970000003725                0900000000000010100000000000000000000000000000000000000   000000000000000000000000004        170192477882     
0010001300068U 060000000000000000000000000000000000000000000000000000000000000000000000678260000000000678260000000000000000000000000000001812202419122024            000000000000000                              000                           
0010001300069T 0601897X0000000092096 24778822400003997   700000000000399719122024000000000058349341000120000003997                0900000000000010100000000000000000000000000000000000000   000000000000000000000000004        170192477882     
0010001300070U 060000000000000000000000000000000000000000000000000000000000000000000000583490000000000583490000000000000000000000000000001812202419122024            000000000000000                              000                           
0010001300071T 0601897X0000000092096 24778822400004021   700000000000402119122024000000000057556341015650000004021                0900000000000010100000000000000000000000000000000000000   000000000000000000000000004        170192477882     
0010001300072U 060000000000000000000000000000000000000000000000000000000000000000000000575560000000000575560000000000000000000000000000001812202419122024            000000000000000                              000                           
0010001300073T 0601897X0000000092096 24778822400004085   700000000000408519122024000000000055992033043970000004085                0900000000000010100000000000000000000000000000000000000   000000000000000000000000004        170192477882     
0010001300074U 060000000000000000000000000000000000000000000000000000000000000000000000559920000000000559920000000000000000000000000000001812202419122024            000000000000000                              000                           
0010001300075T 0601897X0000000092096 24778822400004113   700000000000411319122024000000000054894341002790000004113                0900000000000010100000000000000000000000000000000000000   000000000000000000000000004        170192477882     
0010001300076U 060000000000000000000000000000000000000000000000000000000000000000000000548940000000000548940000000000000000000000000000001812202419122024            000000000000000                              000                           
0010001300077T 0601897X0000000092096 24778822400004225   700000000000422519122024000000000051234509000010000004225                0900000000000010100000000000000000000000000000000000000   000000000000000000000000004        170192477882     
0010001300078U 060000000000000000000000000000000000000000000000000000000000000000000000512340000000000512340000000000000000000000000000001812202419122024            000000000000000                              000                           
0010001300079T 0601897X0000000092096 24778822400004373   700000000000437319122024000000000044355104029770000004373                0900000000000010100000000000000000000000000000000000000   000000000000000000000000004        170192477882     
0010001300080U 060000000000000000000000000000000000000000000000000000000000000000000000443550000000000443550000000000000000000000000000001812202419122024            000000000000000                              000                           
0010001300081T 0601897X0000000092096 24778822400004485   700000000000448519122024000000000042458001028576000004485                0900000000000010040000000000000000000000000000000000000   000000000000000000000000034        170192477882     
0010001300082U 060000000000000000000000000000000000000000000000000000000000000000000000424580000000000424580000000000000000000000000000001812202419122024            000000000000000                              000                           
0010001300083T 0601897X0000000092096 24778822400004569   700000000000456919122024000000000039381748051850000004569                0900000000000010100000000000000000000000000000000000000   000000000000000000000000004        170192477882     
0010001300084U 060000000000000000000000000000000000000000000000000000000000000000000000393810000000000393810000000000000000000000000000001812202419122024            000000000000000                              000                           
0010001300085T 0601897X0000000092096 24778822400004613   700000000000461319122024000000000038299341076490000004613                0900000000000010100000000000000000000000000000000000000   000000000000000000000000004        170192477882     
0010001300086U 060000000000000000000000000000000000000000000000000000000000000000000000382990000000000382990000000000000000000000000000001812202419122024            000000000000000                              000                           
0010001300087T 0601897X0000000092096 24778822400004645   700000000000464519122024000000000036852237003140000004645                0900000000000010100000000000000000000000000000000000000   000000000000000000000000004        170192477882     
0010001300088U 060000000000000000000000000000000000000000000000000000000000000000000000368520000000000368520000000000000000000000000000001812202419122024            000000000000000                              000                           
0010001300089T 0601897X0000000092096 24778822400004681   700000000000468119122024000000000036596341083610000004681                0900000000000010100000000000000000000000000000000000000   000000000000000000000000004        170192477882     
0010001300090U 060000000000000000000000000000000000000000000000000000000000000000000000365960000000000365960000000000000000000000000000001812202419122024            000000000000000                              000                           
0010001300091T 0601897X0000000092096 24778822400004721   700000000000472119122024000000000036472341000540000004721                0900000000000010100000000000000000000000000000000000000   000000000000000000000000004        170192477882     
0010001300092U 060000000000000000000000000000000000000000000000000000000000000000000000364720000000000364720000000000000000000000000000001812202419122024            000000000000000                              000                           
0010001300093T 0601897X0000000092096 24778822400004785   700000000000478519122024000000000035132033005350000004785                0900000000000010100000000000000000000000000000000000000   000000000000000000000000004        170192477882     
0010001300094U 060000000000000000000000000000000000000000000000000000000000000000000000351320000000000351320000000000000000000000000000001812202419122024            000000000000000                              000                           
0010001300095T 0601897X0000000092096 24778822400004885   700000000000488519122024000000000033493341000120000004885                0900000000000010100000000000000000000000000000000000000   000000000000000000000000004        170192477882     
0010001300096U 060000000000000000000000000000000000000000000000000000000000000000000000334930000000000334930000000000000000000000000000001812202419122024            000000000000000                              000                           
0010001300097T 0601897X0000000092096 24778822400004953   700000000000495319122024000000000032794341000500000004953                0900000000000010100000000000000000000000000000000000000   000000000000000000000000004        170192477882     
0010001300098U 060000000000000000000000000000000000000000000000000000000000000000000000327940000000000327940000000000000000000000000000001812202419122024            000000000000000                              000                           
0010001300099T 0601897X0000000092096 24778822400004957   700000000000495719122024000000000032707341012920000004957                0900000000000010100000000000000000000000000000000000000   000000000000000000000000004        170192477882     
0010001300100U 060000000000000000000000000000000000000000000000000000000000000000000000327070000000000327070000000000000000000000000000001812202419122024            000000000000000                              000                           
0010001300101T 0601897X0000000092096 24778822400005149   700000000000514919122024000000000029634341044580000005149                0900000000000010100000000000000000000000000000000000000   000000000000000000000000004        170192477882     
0010001300102U 060000000000000000000000000000000000000000000000000000000000000000000000296340000000000296340000000000000000000000000000001812202419122024            000000000000000                              000                           
0010001300103T 0601897X0000000092096 24778822400005173   700000000000517319122024000000000029277341002790000005173                0900000000000010100000000000000000000000000000000000000   000000000000000000000000004        170192477882     
0010001300104U 060000000000000000000000000000000000000000000000000000000000000000000000292770000000000292770000000000000000000000000000001812202419122024            000000000000000                              000                           
0010001300105T 0601897X0000000092096 24778822400005293   700000000000529319122024000000000026963033002160000005293                0900000000000010100000000000000000000000000000000000000   000000000000000000000000004        170192477882     
0010001300106U 060000000000000000000000000000000000000000000000000000000000000000000000269630000000000269630000000000000000000000000000001812202419122024            000000000000000                              000                           
0010001300107T 0601897X0000000092096 24778822400005325   700000000000532519122024000000000026349509000010000005325                0900000000000010100000000000000000000000000000000000000   000000000000000000000000004        170192477882     
0010001300108U 060000000000000000000000000000000000000000000000000000000000000000000000263490000000000263490000000000000000000000000000001812202419122024            000000000000000                              000                           
0010001300109T 0601897X0000000092096 24778822400005369   700000000000536919122024000000000025617341002790000005369                0900000000000010100000000000000000000000000000000000000   000000000000000000000000004        170192477882     
0010001300110U 060000000000000000000000000000000000000000000000000000000000000000000000256170000000000256170000000000000000000000000000001812202419122024            000000000000000                              000                           
0010001300111T 0601897X0000000092096 24778822400005437   700000000000543719122024000000000024665341000500000005437                0900000000000010100000000000000000000000000000000000000   000000000000000000000000004        170192477882     
0010001300112U 060000000000000000000000000000000000000000000000000000000000000000000000246650000000000246650000000000000000000000000000001812202419122024            000000000000000                              000                           
0010001300113T 0601897X0000000092096 24778822400005537   700000000000553719122024000000000022945237005200000005537                0900000000000010100000000000000000000000000000000000000   000000000000000000000000004        170192477882     
0010001300114U 060000000000000000000000000000000000000000000000000000000000000000000000229450000000000229450000000000000000000000000000001812202419122024            000000000000000                              000                           
0010001300115T 0601897X0000000092096 24778822400005593   700000000000559319122024000000000022197341015650000005593                0900000000000010100000000000000000000000000000000000000   000000000000000000000000004        170192477882     
0010001300116U 060000000000000000000000000000000000000000000000000000000000000000000000221970000000000221970000000000000000000000000000001812202419122024            000000000000000                              000                           
0010001300117T 0601897X0000000092096 24778822400005637   700000000000563719122024000000000021958341004190000005637                0900000000000010100000000000000000000000000000000000000   000000000000000000000000004        170192477882     
0010001300118U 060000000000000000000000000000000000000000000000000000000000000000000000219580000000000219580000000000000000000000000000001812202419122024            000000000000000                              000                           
0010001300119T 0601897X0000000092096 24778822400005649   700000000000564919122024000000000021958341002790000005649                0900000000000010100000000000000000000000000000000000000   000000000000000000000000004        170192477882     
0010001300120U 060000000000000000000000000000000000000000000000000000000000000000000000219580000000000219580000000000000000000000000000001812202419122024            000000000000000                              000                           
0010001300121T 0601897X0000000092096 24778822400005713   700000000000571319122024000000000021536033002160000005713                0900000000000010100000000000000000000000000000000000000   000000000000000000000000004        170192477882     
0010001300122U 060000000000000000000000000000000000000000000000000000000000000000000000215360000000000215360000000000000000000000000000001812202419122024            000000000000000                              000                           
0010001300123T 0601897X0000000092096 24778822400005717   700000000000571719122024000000000021511001033839000005717                0900000000000010040000000000000000000000000000000000000   000000000000000000000000034        170192477882     
0010001300124U 060000000000000000000000000000000000000000000000000000000000000000000000215110000000000215110000000000000000000000000000001812202419122024            000000000000000                              000                           
0010001300125T 0601897X0000000092096 24778822400005829   700000000000582919122024000000000020494033003030000005829                0900000000000010100000000000000000000000000000000000000   000000000000000000000000004        170192477882     
0010001300126U 060000000000000000000000000000000000000000000000000000000000000000000000204940000000000204940000000000000000000000000000001812202419122024            000000000000000                              000                           
0010001300127T 0601897X0000000092096 24778822400005841   700000000000584119122024000000000020346341008970000005841                0900000000000010100000000000000000000000000000000000000   000000000000000000000000004        170192477882     
0010001300128U 060000000000000000000000000000000000000000000000000000000000000000000000203460000000000203460000000000000000000000000000001812202419122024            000000000000000                              000                           
0010001300129T 0601897X0000000092096 24778829000008218   7000008218      19122024000000000029277341023500000008218                0900000000000010100000000000000000000000000000000000000   000000000000000000000000004        170192477882     
0010001300130U 060000000000000000000000000000000000000000000000000000000000000000000000292770000000000292770000000000000000000000000000001812202419122024            000000000000000                              000                           
0010001300131T 0601897X0000000092096 24778829000008230   7000008230      19122024000000000334849748053590000008230                0900000000000010100000000000000000000000000000000000000   000000000000000000000000004        170192477882     
0010001300132U 060000000000000000000000000000000000000000000000000000000000000000000003348490000000003348490000000000000000000000000000001812202419122024            000000000000000                              000                           
0010001300133T 0601897X0000000092096 24778829000008276   7000008276      19122024000000000059035104002750000008276                0900000000000010100000000000000000000000000000000000000   000000000000000000000000004        170192477882     
0010001300134U 060000000000000000000000000000000000000000000000000000000000000000000000590350000000000590350000000000000000000000000000001812202419122024            000000000000000                              000                           
0010001300135T 0601897X0000000092096 24778829000008333   7000008333      19122024000000000128386104042050000008333                0900000000000010100000000000000000000000000000000000000   000000000000000000000000004        170192477882     
0010001300136U 060000000000000000000000000000000000000000000000000000000000000000000001283860000000001283860000000000000000000000000000001812202419122024            000000000000000                              000                           
0010001300137T 0901897X0000000092096 24778822400002872   700000000000287229112024000000000149311001003018000002872                0900000000000000000000000000000000000000000000000000000   000000000000000000000037210        170192477882     
0010001300138U 090000000000000000000000000000000000000000000000000000000000000000000000000000000000000000000000000000000000000000000000001812202400000000            000000000000000                              000                           
0010001300139T 0901897X0000000092096 24778822400005820   700000000000582029112024000000000020494001069833000005820                0900000000000000000000000000000000000000000000000000000   000000000000000000000037210        170192477882     
0010001300140U 090000000000000000000000000000000000000000000000000000000000000000000000000000000000000000000000000000000000000000000000001812202400000000            000000000000000                              000                           
0010001300141T 0901897X0000000092096 24778822400005821   700000000000582119122024000000000020494001069833000005821                0900000000000000000000000000000000000000000000000000000   000000000000000000000037210        170192477882     
0010001300142U 090000000000000000000000000000000000000000000000000000000000000000000000000000000000000000000000000000000000000000000000001812202400000000            000000000000000                              000                           
00100015         000144001036000000004975443680000000000000000000000000000000000000000000000000000000000000000000000000000000000000000000000000000                                                                                              
00199999         000001000146000000                                                                                                                                                            00000000000000000000000000000                    
