00100000         2115139610001160024778820014       01897X0000000092096 FUNDACAO AGENCIA DAS BACIAS HIBANCO DO BRASIL                         20609202401594600574103000000829973081PROCESSAMEN                                                 
00100011T0100020 20115139610001160024778820014       01897X0000000092096 FUNDACAO AGENCIA DAS BACIAS HI                                                                                000000000609202400000000  000000000                      
0010001300001T 0201897X0000000092096 24778829000008193   7000008193      30092024000000000037802001001724000008193                0900000000000010500000000000000000000000000000000000000   0000000000000000000000496A9A4      170192477882     
0010001300002U 020000000000000000000000000000000000000000000000000000000000000000000000000000000000000000000000000000000000000000000000000609202400000000            000000000000000                              000                           
0010001300003T 0201897X0000000092096 24778829000008197   7000008197      30092024000000000036966001009296000008197                0900000000000010500000000000000000000000000000000000000   0000000000000000000000496A9A4      170192477882     
0010001300004U 020000000000000000000000000000000000000000000000000000000000000000000000000000000000000000000000000000000000000000000000000609202400000000            000000000000000                              000                           
0010001300005T 0201897X0000000092096 24778829000008198   7000008198      30092024000000000017355001009296000008198                0900000000000010500000000000000000000000000000000000000   0000000000000000000000496A9A4      170192477882     
0010001300006U 020000000000000000000000000000000000000000000000000000000000000000000000000000000000000000000000000000000000000000000000000609202400000000            000000000000000                              000                           
0010001300007T 0201897X0000000092096 24778829000008199   7000008199      3009202400000000003630300101849X000008199                0900000000000010000000000000000000000000000000000000000   0000000000000000000000496A9        170192477882     
0010001300008U 020000000000000000000000000000000000000000000000000000000000000000000000000000000000000000000000000000000000000000000000000609202400000000            000000000000000                              000                           
0010001300009T 0201897X0000000092096 24778829000008200   7000008200      3110202400000000003630300101849X000008200                0900000000000010000000000000000000000000000000000000000   0000000000000000000000496A9        170192477882     
0010001300010U 020000000000000000000000000000000000000000000000000000000000000000000000000000000000000000000000000000000000000000000000000609202400000000            000000000000000                              000                           
0010001300011T 0201897X0000000092096 24778829000008201   7000008201      2911202400000000003630300101849X000008201                0900000000000010000000000000000000000000000000000000000   0000000000000000000000496A9        170192477882     
0010001300012U 020000000000000000000000000000000000000000000000000000000000000000000000000000000000000000000000000000000000000000000000000609202400000000            000000000000000                              000                           
0010001300013T 0201897X0000000092096 24778829000008202   7000008202      1912202400000000003630300101849X000008202                0900000000000010000000000000000000000000000000000000000   0000000000000000000000496A9        170192477882     
0010001300014U 020000000000000000000000000000000000000000000000000000000000000000000000000000000000000000000000000000000000000000000000000609202400000000            000000000000000                              000                           
0010001300015T 0601897X0000000092096 24778822400000001   70000000000000013009202400000004002590800103360X000000001                0900000000000010040000000000000000000000000000000000000   000000000000000000000000034        170192477882     
0010001300016U 060000000000000000000000000000000000000000000000000000000000000000000400259080000000400259080000000000000000000000000000000609202409092024            000000000000000                              000                           
0010001300017T 0601897X0000000092096 24778822400000060   700000000000006030092024000000000242163237000490000000060                0900000000000010100000000000000000000000000000000000000   000000000000000000000000004        170192477882     
0010001300018U 060000000000000000000000000000000000000000000000000000000000000000000002421630000000002421630000000000000000000000000000000609202409092024            000000000000000                              000                           
0010001300019T 0601897X0000000092096 24778822400000457   700000000000045730092024000000000030406341080740000000457                0900000000000010100000000000000000000000000000000000000   000000000000000000000000004        170192477882     
0010001300020U 060000000000000000000000000000000000000000000000000000000000000000000000304060000000000304060000000000000000000000000000000609202409092024            000000000000000                              000                           
0010001300021T 0601897X0000000092096 24778822400000906   700000000000090630092024000000000014857237002140000000906                0900000000000010100000000000000000000000000000000000000   000000000000000000000000004        170192477882     
0010001300022U 060000000000000000000000000000000000000000000000000000000000000000000000148570000000000148570000000000000000000000000000000609202409092024            000000000000000                              000                           
0010001300023T 0901897X0000000092096 24778822400005102   70000000000051023009202400000000003027400101849X000005102                0900000000000000000000000000000000000000000000000000000   000000000000000000000037210        170192477882     
0010001300024U 090000000000000000000000000000000000000000000000000000000000000000000000000000000000000000000000000000000000000000000000000609202400000000            000000000000000                              000                           
0010001300025T 0901897X0000000092096 24778822400005103   70000000000051033110202400000000003027300101849X000005103                0900000000000000000000000000000000000000000000000000000   000000000000000000000037210        170192477882     
0010001300026U 090000000000000000000000000000000000000000000000000000000000000000000000000000000000000000000000000000000000000000000000000609202400000000            000000000000000                              000                           
0010001300027T 0901897X0000000092096 24778822400005104   70000000000051042911202400000000003027300101849X000005104                0900000000000000000000000000000000000000000000000000000   000000000000000000000037210        170192477882     
0010001300028U 090000000000000000000000000000000000000000000000000000000000000000000000000000000000000000000000000000000000000000000000000609202400000000            000000000000000                              000                           
0010001300029T 0901897X0000000092096 24778822400005105   70000000000051051912202400000000003027300101849X000005105                0900000000000000000000000000000000000000000000000000000   000000000000000000000037210        170192477882     
0010001300030U 090000000000000000000000000000000000000000000000000000000000000000000000000000000000000000000000000000000000000000000000000609202400000000            000000000000000                              000                           
0010001300031T 0301897X0000000092096 24778829000008196   7000008196      3107202300000000003152800100000 000008196                0900000000000000000000000000000000000000000000000000000   000000000000000000000000017        170192477882     
0010001300032U 030000000000000000000000000000000000000000000000000000000000000000000000000000000000000000000000000000000000000000000000000609202400000000            000000000000000                              000                           
00100015         000034005904000000021025889560000000000000000000000000000000000000000000000000000000000000000000000000000000000000000000000000000                                                                                              
00199999         000001000036000000                                                                                                                                                            00000000000000000000000000000                    
