00100000         2115139610001160024778820014       01897X0000000092096 FUNDACAO AGENCIA DAS BACIAS HIBANCO DO BRASIL                         21208202402075800570303000000829973081PROCESSAMEN                                                 
00100011T0100020 20115139610001160024778820014       01897X0000000092096 FUNDACAO AGENCIA DAS BACIAS HI                                                                                000000001208202400000000  000000000                      
0010001300001T 0201897X0000000092096 24778829000008143   7000008143      30082024000000000085809001007994000008143                0900000000000010500000000000000000000000000000000000000   0000000000000000000000496A9A4      170192477882     
0010001300002U 020000000000000000000000000000000000000000000000000000000000000000000000000000000000000000000000000000000000000000000000001208202400000000            000000000000000                              000                           
0010001300003T 0201897X0000000092096 24778829000008144   7000008144      30082024000000000084127001003190000008144                0900000000000010000000000000000000000000000000000000000   0000000000000000000000496A9        170192477882     
0010001300004U 020000000000000000000000000000000000000000000000000000000000000000000000000000000000000000000000000000000000000000000000001208202400000000            000000000000000                              000                           
0010001300005T 0201897X0000000092096 24778829000008145   7000008145      30082024000000000095562001024538000008145                0900000000000010000000000000000000000000000000000000000   0000000000000000000000496A9        170192477882     
0010001300006U 020000000000000000000000000000000000000000000000000000000000000000000000000000000000000000000000000000000000000000000000001208202400000000            000000000000000                              000                           
0010001300007T 0201897X0000000092096 24778829000008146   7000008146      30082024000000000076469001003409000008146                0900000000000010000000000000000000000000000000000000000   0000000000000000000000496A9        170192477882     
0010001300008U 020000000000000000000000000000000000000000000000000000000000000000000000000000000000000000000000000000000000000000000000001208202400000000            000000000000000                              000                           
0010001300009T 0201897X0000000092096 24778829000008147   7000008147      3008202400000000002905200101849X000008147                0900000000000010000000000000000000000000000000000000000   0000000000000000000000496A9        170192477882     
0010001300010U 020000000000000000000000000000000000000000000000000000000000000000000000000000000000000000000000000000000000000000000000001208202400000000            000000000000000                              000                           
0010001300011T 0201897X0000000092096 24778829000008148   7000008148      30082024000000000281653001045888000008148                0900000000000010500000000000000000000000000000000000000   0000000000000000000000496A9A4      170192477882     
0010001300012U 020000000000000000000000000000000000000000000000000000000000000000000000000000000000000000000000000000000000000000000000001208202400000000            000000000000000                              000                           
00100015         000014000060000000000578658770000000000000000000000000000000000000000000000000000000000000000000000000000000000000000000000000000                                                                                              
00199999         000001000016000000                                                                                                                                                            00000000000000000000000000000                    
