00100000         2115139610001160024778820014       01897X0000000092096 FUNDACAO AGENCIA DAS BACIAS HIBANCO DO BRASIL                         20506202401481000563703000000829973081PROCESSAMEN                                                 
00100011T0100020 20115139610001160024778820014       01897X0000000092096 FUNDACAO AGENCIA DAS BACIAS HI                                                                                000000000506202400000000  000000000                      
0010001300001T 0201897X0000000092096 24778829000008094   7000008094      31072024000000008000000001001724000008094                0900000000000010000000000000000000000000000000000000000   0000000000000000000000496A9        170192477882     
0010001300002U 020000000000000000000000000000000000000000000000000000000000000000000000000000000000000000000000000000000000000000000000000506202400000000            000000000000000                              000                           
0010001300003T 0201897X0000000092096 24778829000008095   7000008095      30082024000000008000000001001724000008095                0900000000000010000000000000000000000000000000000000000   0000000000000000000000496A9        170192477882     
0010001300004U 020000000000000000000000000000000000000000000000000000000000000000000000000000000000000000000000000000000000000000000000000506202400000000            000000000000000                              000                           
0010001300005T 0201897X0000000092096 24778829000008096   7000008096      30092024000000008000000001001724000008096                0900000000000010000000000000000000000000000000000000000   0000000000000000000000496A9        170192477882     
0010001300006U 020000000000000000000000000000000000000000000000000000000000000000000000000000000000000000000000000000000000000000000000000506202400000000            000000000000000                              000                           
0010001300007T 0201897X0000000092096 24778829000008097   7000008097      31102024000000008000000001001724000008097                0900000000000010000000000000000000000000000000000000000   0000000000000000000000496A9        170192477882     
0010001300008U 020000000000000000000000000000000000000000000000000000000000000000000000000000000000000000000000000000000000000000000000000506202400000000            000000000000000                              000                           
0010001300009T 0201897X0000000092096 24778829000008098   7000008098      29112024000000008000000001001724000008098                0900000000000010000000000000000000000000000000000000000   0000000000000000000000496A9        170192477882     
0010001300010U 020000000000000000000000000000000000000000000000000000000000000000000000000000000000000000000000000000000000000000000000000506202400000000            000000000000000                              000                           
0010001300011T 0201897X0000000092096 24778829000008099   7000008099      19122024000000008000000001001724000008099                0900000000000010000000000000000000000000000000000000000   0000000000000000000000496A9        170192477882     
0010001300012U 020000000000000000000000000000000000000000000000000000000000000000000000000000000000000000000000000000000000000000000000000506202400000000            000000000000000                              000                           
0010001300013T 0201897X0000000092096 24778829000008100   7000008100      31072024000000001970464001041467000008100                0900000000000010000000000000000000000000000000000000000   0000000000000000000000496A9        170192477882     
0010001300014U 020000000000000000000000000000000000000000000000000000000000000000000000000000000000000000000000000000000000000000000000000506202400000000            000000000000000                              000                           
0010001300015T 0201897X0000000092096 24778829000008101   7000008101      30082024000000001970464001041467000008101                0900000000000010000000000000000000000000000000000000000   0000000000000000000000496A9        170192477882     
0010001300016U 020000000000000000000000000000000000000000000000000000000000000000000000000000000000000000000000000000000000000000000000000506202400000000            000000000000000                              000                           
0010001300017T 0201897X0000000092096 24778829000008102   7000008102      30092024000000001970464001041467000008102                0900000000000010000000000000000000000000000000000000000   0000000000000000000000496A9        170192477882     
0010001300018U 020000000000000000000000000000000000000000000000000000000000000000000000000000000000000000000000000000000000000000000000000506202400000000            000000000000000                              000                           
0010001300019T 0201897X0000000092096 24778829000008103   7000008103      31102024000000001970464001041467000008103                0900000000000010000000000000000000000000000000000000000   0000000000000000000000496A9        170192477882     
0010001300020U 020000000000000000000000000000000000000000000000000000000000000000000000000000000000000000000000000000000000000000000000000506202400000000            000000000000000                              000                           
0010001300021T 0201897X0000000092096 24778829000008104   7000008104      29112024000000001970464001041467000008104                0900000000000010000000000000000000000000000000000000000   0000000000000000000000496A9        170192477882     
0010001300022U 020000000000000000000000000000000000000000000000000000000000000000000000000000000000000000000000000000000000000000000000000506202400000000            000000000000000                              000                           
0010001300023T 0201897X0000000092096 24778829000008105   7000008105      19122024000000001970464001041467000008105                0900000000000010000000000000000000000000000000000000000   0000000000000000000000496A9        170192477882     
0010001300024U 020000000000000000000000000000000000000000000000000000000000000000000000000000000000000000000000000000000000000000000000000506202400000000            000000000000000                              000                           
00100015         000026000037000000000942702210000000000000000000000000000000000000000000000000000000000000000000000000000000000000000000000000000                                                                                              
00199999         000001000028000000                                                                                                                                                            00000000000000000000000000000                    
