00100000         2115139610001160024778820014       01897X0000000092096 FUNDACAO AGENCIA DAS BACIAS HIBANCO DO BRASIL                         22312202402134900588903000000829973081PROCESSAMEN                                                 
00100011T0100020 20115139610001160024778820014       01897X0000000092096 FUNDACAO AGENCIA DAS BACIAS HI                                                                                000000002312202400000000  000000000                      
0010001300001T 0201897X0000000092096 24778829000008469   7000008469      27122024000000000152694001003018000008469                0900000000000010000000000000000000000000000000000000000   0000000000000000000000519A9        170192477882     
0010001300002U 020000000000000000000000000000000000000000000000000000000000000000000000000000000000000000000000000000000000000000000000002312202400000000            000000000000000                              000                           
0010001300003T 0201897X0000000092096 24778829000008470   7000008470      31122024000000000249456001004561000008470                0900000000000010500000000000000000000000000000000000000   0000000000000000000000519A9A4      170192477882     
0010001300004U 020000000000000000000000000000000000000000000000000000000000000000000000000000000000000000000000000000000000000000000000002312202400000000            000000000000000                              000                           
0010001300005T 0201897X0000000092096 24778829000008471   7000008471      3101202500000000020747300101849X000008471                0900000000000010500000000000000000000000000000000000000   0000000000000000000000519A9A4      170192477882     
0010001300006U 020000000000000000000000000000000000000000000000000000000000000000000000000000000000000000000000000000000000000000000000002312202400000000            000000000000000                              000                           
0010001300007T 0201897X0000000092096 24778829000008472   7000008472      31122024000000000078140001003409000008472                0900000000000010500000000000000000000000000000000000000   0000000000000000000000519A9A4      170192477882     
0010001300008U 020000000000000000000000000000000000000000000000000000000000000000000000000000000000000000000000000000000000000000000000002312202400000000            000000000000000                              000                           
0010001300009T 0201897X0000000092096 24778829000008473   7000008473      31122024000000000042649001003409000008473                0900000000000010500000000000000000000000000000000000000   0000000000000000000000519A9A4      170192477882     
0010001300010U 020000000000000000000000000000000000000000000000000000000000000000000000000000000000000000000000000000000000000000000000002312202400000000            000000000000000                              000                           
0010001300011T 0201897X0000000092096 24778829000008474   7000008474      3112202400000000005156300101849X000008474                0900000000000010500000000000000000000000000000000000000   0000000000000000000000519A9A4      170192477882     
0010001300012U 020000000000000000000000000000000000000000000000000000000000000000000000000000000000000000000000000000000000000000000000002312202400000000            000000000000000                              000                           
0010001300013T 0601897X0000000092096 24778822400002105   700000000000210526122024000000003076170104029090000002105                0900000000000010100000000000000000000000000000000000000   000000000000000000000000004        170192477882     
0010001300014U 060000000000000000000000000000000000000000000000000000000000000000000030761700000000030761700000000000000000000000000000002312202424122024            000000000000000                              000                           
0010001300015T 0601897X0000000092096 24778822400002585   700000000000258519122024000000000241533341074680000002585                0900000000000010100000000000000000000000000000000000000   000000000000000000000000004        170192477882     
0010001300016U 060000000000051510000000000000000000000000000000000000000000000000000002466840000000002466840000000000000000000000000000002312202424122024            000000000000000                              000                           
0010001300017T 0601897X0000000092096 24778822400003305   700000000000330519122024000000000098809033008460000003305                0900000000000010100000000000000000000000000000000000000   000000000000000000000000004        170192477882     
0010001300018U 060000000000021070000000000000000000000000000000000000000000000000000001009160000000001009160000000000000000000000000000002312202424122024            000000000000000                              000                           
0010001300019T 0601897X0000000092096 24778822400003841   700000000000384119122024000000000063897341018280000003841                0900000000000010100000000000000000000000000000000000000   000000000000000000000000004        170192477882     
0010001300020U 060000000000013620000000000000000000000000000000000000000000000000000000652590000000000652590000000000000000000000000000002312202424122024            000000000000000                              000                           
0010001300021T 0601897X0000000092096 24778822400005373   700000000000537319122024000000000025617509000010000005373                0900000000000010100000000000000000000000000000000000000   000000000000000000000000004        170192477882     
0010001300022U 060000000000005460000000000000000000000000000000000000000000000000000000261630000000000261630000000000000000000000000000002312202424122024            000000000000000                              000                           
0010001300023T 0601897X0000000092096 24778829000008437   7000008437      31122024000000000070634237023740000008437                0900000000000010100000000000000000000000000000000000000   000000000000000000000000004        170192477882     
0010001300024U 060000000000000000000000000000000000000000000000000000000000000000000000706340000000000706340000000000000000000000000000002312202424122024            000000000000000                              000                           
0010001300025T 0901897X0000000092096 24778822400002873   700000000000287319122024000000000149311001003018000002873                0900000000000000000000000000000000000000000000000000000   000000000000000000000039010        170192477882     
0010001300026U 090000000000000000000000000000000000000000000000000000000000000000000000000000000000000000000000000000000000000000000000002312202400000000            000000000000000                              000                           
00100015         000028000539000000001251667570000000000000000000000000000000000000000000000000000000000000000000000000000000000000000000000000000                                                                                              
00199999         000001000030000000                                                                                                                                                            00000000000000000000000000000                    
