00100000         2115139610001160024778820014       01897X0000000092096 FUNDACAO AGENCIA DAS BACIAS HIBANCO DO BRASIL                         21909202402012500575903000000829973081PROCESSAMEN                                                 
00100011T0100020 20115139610001160024778820014       01897X0000000092096 FUNDACAO AGENCIA DAS BACIAS HI                                                                                000000001909202400000000  000000000                      
0010001300001T 0201897X0000000092096 24778829000008219   7000008219      30092024000000000094587001008117000008219                0900000000000010500000000000000000000000000000000000000   0000000000000000000000496A9A4      170192477882     
0010001300002U 020000000000000000000000000000000000000000000000000000000000000000000000000000000000000000000000000000000000000000000000001909202400000000            000000000000000                              000                           
0010001300003T 0601897X0000000092096 24778822400000081   700000000000008130092024000000000175461756072860000000081                0900000000000010100000000000000000000000000000000000000   000000000000000000000000004        170192477882     
0010001300004U 060000000000000000000000000000000000000000000000000000000000000000000001754610000000001754610000000000000000000000000000001909202420092024            000000000000000                              000                           
0010001300005T 0601897X0000000092096 24778822400000831   700000000000083130092024000000000018608104002780000000831                0900000000000010100000000000000000000000000000000000000   000000000000000000000000004        170192477882     
0010001300006U 060000000000000000000000000000000000000000000000000000000000000000000000186080000000000186080000000000000000000000000000001909202420092024            000000000000000                              000                           
0010001300007T 0601897X0000000092096 24778822400000852   700000000000085230092024000000000017491104004070000000852                0900000000000010100000000000000000000000000000000000000   000000000000000000000000004        170192477882     
0010001300008U 060000000000000000000000000000000000000000000000000000000000000000000000174910000000000174910000000000000000000000000000001909202420092024            000000000000000                              000                           
0010001300009T 0601897X0000000092096 24778822400001071   700000000000107130092024000000000029276033032460000001071                0900000000000010100000000000000000000000000000000000000   000000000000000000000000004        170192477882     
0010001300010U 060000000000000000000000000000000000000000000000000000000000000000000000292760000000000292760000000000000000000000000000001909202420092024            000000000000000                              000                           
0010001300011T 0601897X0000000092096 24778822400001215   700000000000121530092024000000000025152341009100000001215                0900000000000010100000000000000000000000000000000000000   000000000000000000000000004        170192477882     
0010001300012U 060000000000000000000000000000000000000000000000000000000000000000000000251520000000000251520000000000000000000000000000001909202420092024            000000000000000                              000                           
0010001300013T 0601897X0000000092096 24778822400002814   700000000000281430092024000000000163085755013060000002814                0900000000000010100000000000000000000000000000000000000   000000000000000000000000004        170192477882     
0010001300014U 060000000000000000000000000000000000000000000000000000000000000000000001630850000000001630850000000000000000000000000000001909202420092024            000000000000000                              000                           
0010001300015T 0601897X0000000092096 24778822400002890   700000000000289030092024000000000148309001009741000002890                0900000000000010040000000000000000000000000000000000000   000000000000000000000000034        170192477882     
0010001300016U 060000000000000000000000000000000000000000000000000000000000000000000001483090000000001483090000000000000000000000000000001909202420092024            000000000000000                              000                           
0010001300017T 0601897X0000000092096 24778822400003630   700000000000363030092024000000000073009033000130000003630                0900000000000010100000000000000000000000000000000000000   000000000000000000000000004        170192477882     
0010001300018U 060000000000000000000000000000000000000000000000000000000000000000000000730090000000000730090000000000000000000000000000001909202420092024            000000000000000                              000                           
0010001300019T 0601897X0000000092096 24778822400004434   700000000000443430092024000000000043510033001940000004434                0900000000000010100000000000000000000000000000000000000   000000000000000000000000004        170192477882     
0010001300020U 060000000000000000000000000000000000000000000000000000000000000000000000435100000000000435100000000000000000000000000000001909202420092024            000000000000000                              000                           
0010001300021T 0601897X0000000092096 24778822400004534   700000000000453430092024000000000040256237023930000004534                0900000000000010100000000000000000000000000000000000000   000000000000000000000000004        170192477882     
0010001300022U 060000000000000000000000000000000000000000000000000000000000000000000000402560000000000402560000000000000000000000000000001909202420092024            000000000000000                              000                           
0010001300023T 0601897X0000000092096 24778822400004738   700000000000473830092024000000000035984341009100000004738                0900000000000010100000000000000000000000000000000000000   000000000000000000000000004        170192477882     
0010001300024U 060000000000000000000000000000000000000000000000000000000000000000000000359840000000000359840000000000000000000000000000001909202420092024            000000000000000                              000                           
0010001300025T 0601897X0000000092096 24778822400005194   700000000000519430092024000000000029202341009100000005194                0900000000000010100000000000000000000000000000000000000   000000000000000000000000004        170192477882     
0010001300026U 060000000000000000000000000000000000000000000000000000000000000000000000292020000000000292020000000000000000000000000000001909202420092024            000000000000000                              000                           
0010001300027T 0601897X0000000092096 24778829000008184   7000008184      30092024000000000173031341040040000008184                0900000000000010100000000000000000000000000000000000000   000000000000000000000000004        170192477882     
0010001300028U 060000000000000000000000000000000000000000000000000000000000000000000001730310000000001730310000000000000000000000000000001909202420092024            000000000000000                              000                           
00100015         000030005780000000020770852120000000000000000000000000000000000000000000000000000000000000000000000000000000000000000000000000000                                                                                              
00199999         000001000032000000                                                                                                                                                            00000000000000000000000000000                    
