00100000         2115139610001160024778820014       01897X0000000092096 FUNDACAO AGENCIA DAS BACIAS HIBANCO DO BRASIL                         21712202402023500588103000000829973081PROCESSAMEN                                                 
00100011T0100020 20115139610001160024778820014       01897X0000000092096 FUNDACAO AGENCIA DAS BACIAS HI                                                                                000000001712202400000000  000000000                      
0010001300001T 0201897X0000000092096 24778829000008458   7000008458      3112202400000000009956400101849X000008458                0900000000000010500000000000000000000000000000000000000   0000000000000000000000496A9A4      170192477882     
0010001300002U 020000000000000000000000000000000000000000000000000000000000000000000000000000000000000000000000000000000000000000000000001712202400000000            000000000000000                              000                           
0010001300003T 0201897X0000000092096 24778829000008459   7000008459      31122024000000000210915001003409000008459                0900000000000010500000000000000000000000000000000000000   0000000000000000000000496A9A4      170192477882     
0010001300004U 020000000000000000000000000000000000000000000000000000000000000000000000000000000000000000000000000000000000000000000000001712202400000000            000000000000000                              000                           
0010001300005T 0601897X0000000092096 24778822400002205   700000000000220519122024000000000850400033002850000002205                0900000000000010100000000000000000000000000000000000000   000000000000000000000000004        170192477882     
0010001300006U 060000000000000000000000000000000000000000000000000000000000000000000008504000000000008504000000000000000000000000000000001712202418122024            000000000000000                              000                           
0010001300007T 0601897X0000000092096 24778822400002269   700000000000226919122024000000000582312341005600000002269                0900000000000010100000000000000000000000000000000000000   000000000000000000000000004        170192477882     
0010001300008U 060000000000000000000000000000000000000000000000000000000000000000000005823120000000005823120000000000000000000000000000001712202418122024            000000000000000                              000                           
0010001300009T 0601897X0000000092096 24778822400002297   700000000000229719122024000000000502830389002630000002297                0900000000000010100000000000000000000000000000000000000   000000000000000000000000004        170192477882     
0010001300010U 060000000000000000000000000000000000000000000000000000000000000000000005028300000000005028300000000000000000000000000000001712202418122024            000000000000000                              000                           
0010001300011T 0601897X0000000092096 24778822400002337   700000000000233719122024000000000438857341005600000002337                0900000000000010100000000000000000000000000000000000000   000000000000000000000000004        170192477882     
0010001300012U 060000000000000000000000000000000000000000000000000000000000000000000004388570000000004388570000000000000000000000000000001712202418122024            000000000000000                              000                           
0010001300013T 0601897X0000000092096 24778822400002361   700000000000236119122024000000000410392237033710000002361                0900000000000010100000000000000000000000000000000000000   000000000000000000000000004        170192477882     
0010001300014U 060000000000000000000000000000000000000000000000000000000000000000000004103920000000004103920000000000000000000000000000001712202418122024            000000000000000                              000                           
0010001300015T 0601897X0000000092096 24778822400002373   700000000000237319122024000000000392307237003060000002373                0900000000000010100000000000000000000000000000000000000   000000000000000000000000004        170192477882     
0010001300016U 060000000000000000000000000000000000000000000000000000000000000000000003923070000000003923070000000000000000000000000000001712202418122024            000000000000000                              000                           
0010001300017T 0601897X0000000092096 24778822400002809   700000000000280919122024000000000163271341087450000002809                0900000000000010100000000000000000000000000000000000000   000000000000000000000000004        170192477882     
0010001300018U 060000000000000000000000000000000000000000000000000000000000000000000001632710000000001632710000000000000000000000000000001712202418122024            000000000000000                              000                           
0010001300019T 0601897X0000000092096 24778822400002865   700000000000286519122024000000000151758237002150000002865                0900000000000010100000000000000000000000000000000000000   000000000000000000000000004        170192477882     
0010001300020U 060000000000000000000000000000000000000000000000000000000000000000000001517580000000001517580000000000000000000000000000001712202418122024            000000000000000                              000                           
0010001300021T 0601897X0000000092096 24778822400002901   70000000000029011912202400000000014782400101897X000002901                0900000000000010090000000000000000000000000000000000000   000000000000000000000000006        170192477882     
0010001300022U 060000000000000000000000000000000000000000000000000000000000000000000001478240000000001478240000000000000000000000000000001712202418122024            000000000000000                              000                           
0010001300023T 0601897X0000000092096 24778822400002925   700000000000292519122024000000000145130341000300000002925                0900000000000010100000000000000000000000000000000000000   000000000000000000000000004        170192477882     
0010001300024U 060000000000000000000000000000000000000000000000000000000000000000000001451300000000001451300000000000000000000000000000001712202418122024            000000000000000                              000                           
0010001300025T 0601897X0000000092096 24778822400002945   700000000000294519122024000000000142724033004970000002945                0900000000000010100000000000000000000000000000000000000   000000000000000000000000004        170192477882     
0010001300026U 060000000000000000000000000000000000000000000000000000000000000000000001427240000000001427240000000000000000000000000000001712202418122024            000000000000000                              000                           
0010001300027T 0601897X0000000092096 24778822400003101   70000000000031011912202400000000011947200104203X000003101                0900000000000010040000000000000000000000000000000000000   000000000000000000000000034        170192477882     
0010001300028U 060000000000000000000000000000000000000000000000000000000000000000000001194720000000001194720000000000000000000000000000001712202418122024            000000000000000                              000                           
0010001300029T 0601897X0000000092096 24778822400003245   700000000000324519122024000000000106860104003150000003245                0900000000000010100000000000000000000000000000000000000   000000000000000000000000004        170192477882     
0010001300030U 060000000000000000000000000000000000000000000000000000000000000000000001068600000000001068600000000000000000000000000000001712202418122024            000000000000000                              000                           
0010001300031T 0601897X0000000092096 24778822400003321   700000000000332119122024000000000095439341002770000003321                0900000000000010100000000000000000000000000000000000000   000000000000000000000000004        170192477882     
0010001300032U 060000000000000000000000000000000000000000000000000000000000000000000000954390000000000954390000000000000000000000000000001712202418122024            000000000000000                              000                           
0010001300033T 0601897X0000000092096 24778822400003521   700000000000352119122024000000000079294341064580000003521                0900000000000010100000000000000000000000000000000000000   000000000000000000000000004        170192477882     
0010001300034U 060000000000000000000000000000000000000000000000000000000000000000000000792940000000000792940000000000000000000000000000001712202418122024            000000000000000                              000                           
0010001300035T 0601897X0000000092096 24778822400003557   700000000000355719122024000000000075564341032180000003557                0900000000000010100000000000000000000000000000000000000   000000000000000000000000004        170192477882     
0010001300036U 060000000000000000000000000000000000000000000000000000000000000000000000755640000000000755640000000000000000000000000000001712202418122024            000000000000000                              000                           
0010001300037T 0601897X0000000092096 24778822400003621   700000000000362119122024000000000073192341087450000003621                0900000000000010100000000000000000000000000000000000000   000000000000000000000000004        170192477882     
0010001300038U 060000000000000000000000000000000000000000000000000000000000000000000000731920000000000731920000000000000000000000000000001712202418122024            000000000000000                              000                           
0010001300039T 0601897X0000000092096 24778822400003681   700000000000368119122024000000000071287756011310000003681                0900000000000010100000000000000000000000000000000000000   000000000000000000000000004        170192477882     
0010001300040U 060000000000000000000000000000000000000000000000000000000000000000000000712870000000000712870000000000000000000000000000001712202418122024            000000000000000                              000                           
0010001300041T 0601897X0000000092096 24778822400003833   700000000000383319122024000000000064086104003320000003833                0900000000000010100000000000000000000000000000000000000   000000000000000000000000004        170192477882     
0010001300042U 060000000000000000000000000000000000000000000000000000000000000000000000640860000000000640860000000000000000000000000000001712202418122024            000000000000000                              000                           
0010001300043T 0601897X0000000092096 24778822400003877   700000000000387719122024000000000062567341080460000003877                0900000000000010100000000000000000000000000000000000000   000000000000000000000000004        170192477882     
0010001300044U 060000000000000000000000000000000000000000000000000000000000000000000000625670000000000625670000000000000000000000000000001712202418122024            000000000000000                              000                           
0010001300045T 0601897X0000000092096 24778822400003937   700000000000393719122024000000000059285341006700000003937                0900000000000010100000000000000000000000000000000000000   000000000000000000000000004        170192477882     
0010001300046U 060000000000000000000000000000000000000000000000000000000000000000000000592850000000000592850000000000000000000000000000001712202418122024            000000000000000                              000                           
0010001300047T 0601897X0000000092096 24778822400003981   700000000000398119122024000000000058553422000410000003981                0900000000000010100000000000000000000000000000000000000   000000000000000000000000004        170192477882     
0010001300048U 060000000000000000000000000000000000000000000000000000000000000000000000585530000000000585530000000000000000000000000000001712202418122024            000000000000000                              000                           
0010001300049T 0601897X0000000092096 24778822400004005   700000000000400519122024000000000058012104029680000004005                0900000000000010100000000000000000000000000000000000000   000000000000000000000000004        170192477882     
0010001300050U 060000000000000000000000000000000000000000000000000000000000000000000000580120000000000580120000000000000000000000000000001712202418122024            000000000000000                              000                           
0010001300051T 0601897X0000000092096 24778822400004389   700000000000438919122024000000000043915001009903000004389                0900000000000010040000000000000000000000000000000000000   000000000000000000000000034        170192477882     
0010001300052U 060000000000000000000000000000000000000000000000000000000000000000000000439150000000000439150000000000000000000000000000001712202418122024            000000000000000                              000                           
0010001300053T 0601897X0000000092096 24778822400004545   700000000000454519122024000000000039524341005460000004545                0900000000000010100000000000000000000000000000000000000   000000000000000000000000004        170192477882     
0010001300054U 060000000000000000000000000000000000000000000000000000000000000000000000395240000000000395240000000000000000000000000000001712202418122024            000000000000000                              000                           
0010001300055T 0601897X0000000092096 24778822400004589   700000000000458919122024000000000038792341001620000004589                0900000000000010100000000000000000000000000000000000000   000000000000000000000000004        170192477882     
0010001300056U 060000000000000000000000000000000000000000000000000000000000000000000000387920000000000387920000000000000000000000000000001712202418122024            000000000000000                              000                           
0010001300057T 0601897X0000000092096 24778822400004977   700000000000497719122024000000000032351033032440000004977                0900000000000010100000000000000000000000000000000000000   000000000000000000000000004        170192477882     
0010001300058U 060000000000000000000000000000000000000000000000000000000000000000000000323510000000000323510000000000000000000000000000001712202418122024            000000000000000                              000                           
0010001300059T 0601897X0000000092096 24778822400005057   700000000000505719122024000000000031075341005250000005057                0900000000000010100000000000000000000000000000000000000   000000000000000000000000004        170192477882     
0010001300060U 060000000000000000000000000000000000000000000000000000000000000000000000310750000000000310750000000000000000000000000000001712202418122024            000000000000000                              000                           
0010001300061T 0601897X0000000092096 24778822400005505   700000000000550519122024000000000023292237033670000005505                0900000000000010100000000000000000000000000000000000000   000000000000000000000000004        170192477882     
0010001300062U 060000000000000000000000000000000000000000000000000000000000000000000000232920000000000232920000000000000000000000000000001712202418122024            000000000000000                              000                           
0010001300063T 0601897X0000000092096 24778822400005529   700000000000552919122024000000000023055237001870000005529                0900000000000010100000000000000000000000000000000000000   000000000000000000000000004        170192477882     
0010001300064U 060000000000000000000000000000000000000000000000000000000000000000000000230550000000000230550000000000000000000000000000001712202418122024            000000000000000                              000                           
0010001300065T 0601897X0000000092096 24778822400005773   700000000000577319122024000000000021079033022700000005773                0900000000000010100000000000000000000000000000000000000   000000000000000000000000004        170192477882     
0010001300066U 060000000000000000000000000000000000000000000000000000000000000000000000210790000000000210790000000000000000000000000000001712202418122024            000000000000000                              000                           
0010001300067T 0601897X0000000092096 24778829000008186   7000008186      19122024000000000371250655000010000008186                0900000000000010100000000000000000000000000000000000000   000000000000000000000000004        170192477882     
0010001300068U 060000000000000000000000000000000000000000000000000000000000000000000003712500000000003712500000000000000000000000000000001712202418122024            000000000000000                              000                           
0010001300069T 0601897X0000000092096 24778829000008398   7000008398      31122024000000000106941033001780000008398                0900000000000010100000000000000000000000000000000000000   000000000000000000000000004        170192477882     
0010001300070U 060000000000000000000000000000000000000000000000000000000000000000000001069410000000001069410000000000000000000000000000001712202418122024            000000000000000                              000                           
0010001300071T 0601897X0000000092096 24778829000008457   7000008457      19122024000000000051715237003220000008457                0900000000000010100000000000000000000000000000000000000   000000000000000000000000004        170192477882     
0010001300072U 060000000000000000000000000000000000000000000000000000000000000000000000517150000000000517150000000000000000000000000000001712202418122024            000000000000000                              000                           
0010001300073T 0901897X0000000092096 24778822400003808   700000000000380829112024000000000065861001009903000003808                0900000000000000000000000000000000000000000000000000000   000000000000000000000037210        170192477882     
0010001300074U 090000000000000000000000000000000000000000000000000000000000000000000000000000000000000000000000000000000000000000000000001712202400000000            000000000000000                              000                           
0010001300075T 0901897X0000000092096 24778822400003809   700000000000380919122024000000000065861001009903000003809                0900000000000000000000000000000000000000000000000000000   000000000000000000000037210        170192477882     
0010001300076U 090000000000000000000000000000000000000000000000000000000000000000000000000000000000000000000000000000000000000000000000001712202400000000            000000000000000                              000                           
0010001300077T 5201897X0000000092096 24778829000008457   7000008457      19122024000000000051715001009903000008457                0900000000000000000000000000000000000000000000000000000   000000000000000000000000000        170192477882     
0010001300078U 520000000000000000000000000000000000000000000000000000000000000000000000000000000000000000000000000000000000000000000000001712202400000000            000000000000000                              000                           
00100015         000080001091000000005104457000000000000000000000000000000000000000000000000000000000000000000000000000000000000000000000000000000                                                                                              
00199999         000001000082000000                                                                                                                                                            00000000000000000000000000000                    
