00100000         2115139610001160024778820014       01897X0000000092096 FUNDACAO AGENCIA DAS BACIAS HIBANCO DO BRASIL                         22609202401594600576903000000829973081PROCESSAMEN                                                 
00100011T0100020 20115139610001160024778820014       01897X0000000092096 FUNDACAO AGENCIA DAS BACIAS HI                                                                                000000002609202400000000  000000000                      
0010001300001T 0201897X0000000092096 24778829000008232   7000008232      30092024000000000052760001006998000008232                0900000000000010000000000000000000000000000000000000000   0000000000000000000000496A9        170192477882     
0010001300002U 020000000000000000000000000000000000000000000000000000000000000000000000000000000000000000000000000000000000000000000000002609202400000000            000000000000000                              000                           
0010001300003T 0201897X0000000092096 24778829000008233   7000008233      31102024000000000052758001006998000008233                0900000000000010000000000000000000000000000000000000000   0000000000000000000000496A9        170192477882     
0010001300004U 020000000000000000000000000000000000000000000000000000000000000000000000000000000000000000000000000000000000000000000000002609202400000000            000000000000000                              000                           
0010001300005T 0201897X0000000092096 24778829000008234   7000008234      29112024000000000052758001006998000008234                0900000000000010000000000000000000000000000000000000000   0000000000000000000000496A9        170192477882     
0010001300006U 020000000000000000000000000000000000000000000000000000000000000000000000000000000000000000000000000000000000000000000000002609202400000000            000000000000000                              000                           
0010001300007T 0201897X0000000092096 24778829000008235   7000008235      19122024000000000052758001006998000008235                0900000000000010000000000000000000000000000000000000000   0000000000000000000000496A9        170192477882     
0010001300008U 020000000000000000000000000000000000000000000000000000000000000000000000000000000000000000000000000000000000000000000000002609202400000000            000000000000000                              000                           
0010001300009T 0201897X0000000092096 24778829000008236   7000008236      04102024000000000050574001003409000008236                0900000000000010000000000000000000000000000000000000000   0000000000000000000000496A9        170192477882     
0010001300010U 020000000000000000000000000000000000000000000000000000000000000000000000000000000000000000000000000000000000000000000000002609202400000000            000000000000000                              000                           
0010001300011T 0201897X0000000092096 24778829000008237   7000008237      31102024000000000050576001003409000008237                0900000000000010000000000000000000000000000000000000000   0000000000000000000000496A9        170192477882     
0010001300012U 020000000000000000000000000000000000000000000000000000000000000000000000000000000000000000000000000000000000000000000000002609202400000000            000000000000000                              000                           
0010001300013T 0201897X0000000092096 24778829000008238   7000008238      29112024000000000050576001003409000008238                0900000000000010000000000000000000000000000000000000000   0000000000000000000000496A9        170192477882     
0010001300014U 020000000000000000000000000000000000000000000000000000000000000000000000000000000000000000000000000000000000000000000000002609202400000000            000000000000000                              000                           
0010001300015T 0201897X0000000092096 24778829000008239   7000008239      19122024000000000050576001003409000008239                0900000000000010000000000000000000000000000000000000000   0000000000000000000000496A9        170192477882     
0010001300016U 020000000000000000000000000000000000000000000000000000000000000000000000000000000000000000000000000000000000000000000000002609202400000000            000000000000000                              000                           
0010001300017T 0201897X0000000092096 24778829000008240   7000008240      30092024000000000019862001003824000008240                0900000000000010500000000000000000000000000000000000000   0000000000000000000000496A9A4      170192477882     
0010001300018U 020000000000000000000000000000000000000000000000000000000000000000000000000000000000000000000000000000000000000000000000002609202400000000            000000000000000                              000                           
0010001300019T 0201897X0000000092096 24778829000008241   7000008241      3110202400000000002975700101849X000008241                0900000000000010500000000000000000000000000000000000000   0000000000000000000000496A9A4      170192477882     
0010001300020U 020000000000000000000000000000000000000000000000000000000000000000000000000000000000000000000000000000000000000000000000002609202400000000            000000000000000                              000                           
0010001300021T 0601897X0000000092096 24778822400000013   700000000000001330092024000000000823149341003380000000013                0900000000000010100000000000000000000000000000000000000   000000000000000000000000004        170192477882     
0010001300022U 060000000000000000000000000000000000000000000000000000000000000000000008231490000000008231490000000000000000000000000000002609202427092024            000000000000000                              000                           
0010001300023T 0601897X0000000092096 24778822400000020   700000000000002030092024000000000603145341009100000000020                0900000000000010100000000000000000000000000000000000000   000000000000000000000000004        170192477882     
0010001300024U 060000000000000000000000000000000000000000000000000000000000000000000006031450000000006031450000000000000000000000000000002609202427092024            000000000000000                              000                           
0010001300025T 0601897X0000000092096 24778822400000025   700000000000002530092024000000000517838033036890000000025                0900000000000010100000000000000000000000000000000000000   000000000000000000000000004        170192477882     
0010001300026U 060000000000000000000000000000000000000000000000000000000000000000000005178380000000005178380000000000000000000000000000002609202427092024            000000000000000                              000                           
0010001300027T 0601897X0000000092096 24778822400000076   700000000000007630092024000000000187371033015970000000076                0900000000000010100000000000000000000000000000000000000   000000000000000000000000004        170192477882     
0010001300028U 060000000000000000000000000000000000000000000000000000000000000000000001873710000000001873710000000000000000000000000000002609202427092024            000000000000000                              000                           
0010001300029T 0601897X0000000092096 24778822400000102   70000000000001023009202400000000014384600103360X000000102                0900000000000010040000000000000000000000000000000000000   000000000000000000000000034        170192477882     
0010001300030U 060000000000000000000000000000000000000000000000000000000000000000000001438460000000001438460000000000000000000000000000002609202427092024            000000000000000                              000                           
0010001300031T 0601897X0000000092096 24778822400000113   700000000000011330092024000000000124173033022710000000113                0900000000000010100000000000000000000000000000000000000   000000000000000000000000004        170192477882     
0010001300032U 060000000000000000000000000000000000000000000000000000000000000000000001241730000000001241730000000000000000000000000000002609202427092024            000000000000000                              000                           
0010001300033T 0601897X0000000092096 24778822400000153   700000000000015330092024000000000089587237003290000000153                0900000000000010100000000000000000000000000000000000000   000000000000000000000000004        170192477882     
0010001300034U 060000000000000000000000000000000000000000000000000000000000000000000000895870000000000895870000000000000000000000000000002609202427092024            000000000000000                              000                           
0010001300035T 0601897X0000000092096 24778822400000168   700000000000016830092024000000000077769033022710000000168                0900000000000010100000000000000000000000000000000000000   000000000000000000000000004        170192477882     
0010001300036U 060000000000000000000000000000000000000000000000000000000000000000000000777690000000000777690000000000000000000000000000002609202427092024            000000000000000                              000                           
0010001300037T 0601897X0000000092096 24778822400000210   700000000000021030092024000000000058553341064580000000210                0900000000000010100000000000000000000000000000000000000   000000000000000000000000004        170192477882     
0010001300038U 060000000000000000000000000000000000000000000000000000000000000000000000585530000000000585530000000000000000000000000000002609202427092024            000000000000000                              000                           
0010001300039T 0601897X0000000092096 24778822400000225   700000000000022530092024000000000053297341009120000000225                0900000000000010100000000000000000000000000000000000000   000000000000000000000000004        170192477882     
0010001300040U 060000000000000000000000000000000000000000000000000000000000000000000000532970000000000532970000000000000000000000000000002609202427092024            000000000000000                              000                           
0010001300041T 0601897X0000000092096 24778822400000259   700000000000025930092024000000000043766001032212000000259                0900000000000010090000000000000000000000000000000000000   000000000000000000000000006        170192477882     
0010001300042U 060000000000000000000000000000000000000000000000000000000000000000000000437660000000000437660000000000000000000000000000002609202427092024            000000000000000                              000                           
0010001300043T 0601897X0000000092096 24778822400000290   700000000000029030092024000000000038938341009100000000290                0900000000000010100000000000000000000000000000000000000   000000000000000000000000004        170192477882     
0010001300044U 060000000000000000000000000000000000000000000000000000000000000000000000389380000000000389380000000000000000000000000000002609202427092024            000000000000000                              000                           
0010001300045T 0601897X0000000092096 24778822400000291   700000000000029130092024000000000038877237033720000000291                0900000000000010100000000000000000000000000000000000000   000000000000000000000000004        170192477882     
0010001300046U 060000000000000000000000000000000000000000000000000000000000000000000000388770000000000388770000000000000000000000000000002609202427092024            000000000000000                              000                           
0010001300047T 0601897X0000000092096 24778822400000338   700000000000033830092024000000000036303341000300000000338                0900000000000010100000000000000000000000000000000000000   000000000000000000000000004        170192477882     
0010001300048U 060000000000000000000000000000000000000000000000000000000000000000000000363030000000000363030000000000000000000000000000002609202427092024            000000000000000                              000                           
0010001300049T 0601897X0000000092096 24778822400000400   700000000000040030092024000000000033199237004160000000400                0900000000000010100000000000000000000000000000000000000   000000000000000000000000004        170192477882     
0010001300050U 060000000000000000000000000000000000000000000000000000000000000000000000331990000000000331990000000000000000000000000000002609202427092024            000000000000000                              000                           
0010001300051T 0601897X0000000092096 24778822400000423   700000000000042330092024000000000031920341001360000000423                0900000000000010100000000000000000000000000000000000000   000000000000000000000000004        170192477882     
0010001300052U 060000000000000000000000000000000000000000000000000000000000000000000000319200000000000319200000000000000000000000000000002609202427092024            000000000000000                              000                           
0010001300053T 0601897X0000000092096 24778822400000427   700000000000042730092024000000000031747104002780000000427                0900000000000010100000000000000000000000000000000000000   000000000000000000000000004        170192477882     
0010001300054U 060000000000000000000000000000000000000000000000000000000000000000000000317470000000000317470000000000000000000000000000002609202427092024            000000000000000                              000                           
0010001300055T 0601897X0000000092096 24778822400000487   700000000000048730092024000000000029277237002150000000487                0900000000000010100000000000000000000000000000000000000   000000000000000000000000004        170192477882     
0010001300056U 060000000000000000000000000000000000000000000000000000000000000000000000292770000000000292770000000000000000000000000000002609202427092024            000000000000000                              000                           
0010001300057T 0601897X0000000092096 24778822400000540   700000000000054030092024000000000028371033031780000000540                0900000000000010100000000000000000000000000000000000000   000000000000000000000000004        170192477882     
0010001300058U 060000000000000000000000000000000000000000000000000000000000000000000000283710000000000283710000000000000000000000000000002609202427092024            000000000000000                              000                           
0010001300059T 0601897X0000000092096 24778822400000554   700000000000055430092024000000000027853033036890000000554                0900000000000010100000000000000000000000000000000000000   000000000000000000000000004        170192477882     
0010001300060U 060000000000000000000000000000000000000000000000000000000000000000000000278530000000000278530000000000000000000000000000002609202427092024            000000000000000                              000                           
0010001300061T 0601897X0000000092096 24778822400000574   700000000000057430092024000000000027265237033670000000574                0900000000000010100000000000000000000000000000000000000   000000000000000000000000004        170192477882     
0010001300062U 060000000000000000000000000000000000000000000000000000000000000000000000272650000000000272650000000000000000000000000000002609202427092024            000000000000000                              000                           
0010001300063T 0601897X0000000092096 24778822400000625   700000000000062530092024000000000025403104002780000000625                0900000000000010100000000000000000000000000000000000000   000000000000000000000000004        170192477882     
0010001300064U 060000000000000000000000000000000000000000000000000000000000000000000000254030000000000254030000000000000000000000000000002609202427092024            000000000000000                              000                           
0010001300065T 0601897X0000000092096 24778822400000667   700000000000066730092024000000000024063341086690000000667                0900000000000010100000000000000000000000000000000000000   000000000000000000000000004        170192477882     
0010001300066U 060000000000000000000000000000000000000000000000000000000000000000000000240630000000000240630000000000000000000000000000002609202427092024            000000000000000                              000                           
0010001300067T 0601897X0000000092096 24778822400000677   700000000000067730092024000000000023499341000410000000677                0900000000000010100000000000000000000000000000000000000   000000000000000000000000004        170192477882     
0010001300068U 060000000000000000000000000000000000000000000000000000000000000000000000234990000000000234990000000000000000000000000000002609202427092024            000000000000000                              000                           
0010001300069T 0601897X0000000092096 24778822400000739   700000000000073930092024000000000022057237002150000000739                0900000000000010100000000000000000000000000000000000000   000000000000000000000000004        170192477882     
0010001300070U 060000000000000000000000000000000000000000000000000000000000000000000000220570000000000220570000000000000000000000000000002609202427092024            000000000000000                              000                           
0010001300071T 0601897X0000000092096 24778822400000755   700000000000075530092024000000000021707001042528000000755                0900000000000010090000000000000000000000000000000000000   000000000000000000000000006        170192477882     
0010001300072U 060000000000000000000000000000000000000000000000000000000000000000000000217070000000000217070000000000000000000000000000002609202427092024            000000000000000                              000                           
0010001300073T 0601897X0000000092096 24778822400000768   700000000000076830092024000000000021323341005460000000768                0900000000000010100000000000000000000000000000000000000   000000000000000000000000004        170192477882     
0010001300074U 060000000000000000000000000000000000000000000000000000000000000000000000213230000000000213230000000000000000000000000000002609202427092024            000000000000000                              000                           
0010001300075T 0601897X0000000092096 24778822400000781   700000000000078130092024000000000020680033021570000000781                0900000000000010100000000000000000000000000000000000000   000000000000000000000000004        170192477882     
0010001300076U 060000000000000000000000000000000000000000000000000000000000000000000000206800000000000206800000000000000000000000000000002609202427092024            000000000000000                              000                           
0010001300077T 0601897X0000000092096 24778822400000792   700000000000079230092024000000000020062104002780000000792                0900000000000010100000000000000000000000000000000000000   000000000000000000000000004        170192477882     
0010001300078U 060000000000000000000000000000000000000000000000000000000000000000000000200620000000000200620000000000000000000000000000002609202427092024            000000000000000                              000                           
0010001300079T 0601897X0000000092096 24778822400000949   700000000000094930092024000000000013368341020000000000949                0900000000000010100000000000000000000000000000000000000   000000000000000000000000004        170192477882     
0010001300080U 060000000000000000000000000000000000000000000000000000000000000000000000133680000000000133680000000000000000000000000000002609202427092024            000000000000000                              000                           
0010001300081T 0601897X0000000092096 24778822400001002   700000000000100230092024000000000006548104003170000001002                0900000000000010100000000000000000000000000000000000000   000000000000000000000000004        170192477882     
0010001300082U 060000000000000000000000000000000000000000000000000000000000000000000000065480000000000065480000000000000000000000000000002609202427092024            000000000000000                              000                           
0010001300083T 0601897X0000000092096 24778822400001007   700000000000100730092024000000000003998001043036000001007                0900000000000010020000000000000000000000000000000000000   000000000000000000000000033        170192477882     
0010001300084U 060000000000000000000000000000000000000000000000000000000000000000000000039980000000000039980000000000000000000000000000002609202427092024            000000000000000                              000                           
0010001300085T 0601897X0000000092096 24778822400001081   700000000000108130092024000000000029214237001510000001081                0900000000000010100000000000000000000000000000000000000   000000000000000000000000004        170192477882     
0010001300086U 060000000000000000000000000000000000000000000000000000000000000000000000292140000000000292140000000000000000000000000000002609202427092024            000000000000000                              000                           
0010001300087T 0601897X0000000092096 24778822400001177   700000000000117730092024000000000025896237033890000001177                0900000000000010100000000000000000000000000000000000000   000000000000000000000000004        170192477882     
0010001300088U 060000000000000000000000000000000000000000000000000000000000000000000000258960000000000258960000000000000000000000000000002609202427092024            000000000000000                              000                           
0010001300089T 0601897X0000000092096 24778822400001337   700000000000133730092024000000000022222341081690000001337                0900000000000010100000000000000000000000000000000000000   000000000000000000000000004        170192477882     
0010001300090U 060000000000000000000000000000000000000000000000000000000000000000000000222220000000000222220000000000000000000000000000002609202427092024            000000000000000                              000                           
0010001300091T 0601897X0000000092096 24778822400001351   700000000000135130092024000000000021957001003409000001351                0900000000000010040000000000000000000000000000000000000   000000000000000000000000034        170192477882     
0010001300092U 060000000000000000000000000000000000000000000000000000000000000000000000219570000000000219570000000000000000000000000000002609202427092024            000000000000000                              000                           
0010001300093T 0601897X0000000092096 24778822400001854   700000000000185430092024000000000021957341030710000001854                0900000000000010100000000000000000000000000000000000000   000000000000000000000000004        170192477882     
0010001300094U 060000000000000000000000000000000000000000000000000000000000000000000000219570000000000219570000000000000000000000000000002609202427092024            000000000000000                              000                           
0010001300095T 0601897X0000000092096 24778822400001911   700000000000191130092024000000000021225341015360000001911                0900000000000010100000000000000000000000000000000000000   000000000000000000000000004        170192477882     
0010001300096U 060000000000000000000000000000000000000000000000000000000000000000000000212250000000000212250000000000000000000000000000002609202427092024            000000000000000                              000                           
0010001300097T 0601897X0000000092096 24778822400002018   700000000000201830092024000000009945208104002980000002018                0900000000000010100000000000000000000000000000000000000   000000000000000000000000004        170192477882     
0010001300098U 060000000000000000000000000000000000000000000000000000000000000000000099452080000000099452080000000000000000000000000000002609202427092024            000000000000000                              000                           
0010001300099T 0601897X0000000092096 24778822400002106   700000000000210630092024000000003060704001030708000002106                0900000000000010090000000000000000000000000000000000000   000000000000000000000000006        170192477882     
0010001300100U 060000000000000000000000000000000000000000000000000000000000000000000030607040000000030607040000000000000000000000000000002609202427092024            000000000000000                              000                           
0010001300101T 0601897X0000000092096 24778822400002198   700000000000219830092024000000000919287237007090000002198                0900000000000010100000000000000000000000000000000000000   000000000000000000000000004        170192477882     
0010001300102U 060000000000000000000000000000000000000000000000000000000000000000000009192870000000009192870000000000000000000000000000002609202427092024            000000000000000                              000                           
0010001300103T 0601897X0000000092096 24778822400002354   700000000000235430092024000000000420258001030708000002354                0900000000000010090000000000000000000000000000000000000   000000000000000000000000006        170192477882     
0010001300104U 060000000000000000000000000000000000000000000000000000000000000000000004202580000000004202580000000000000000000000000000002609202427092024            000000000000000                              000                           
0010001300105T 0601897X0000000092096 24778822400002574   700000000000257430092024000000000242454341040050000002574                0900000000000010100000000000000000000000000000000000000   000000000000000000000000004        170192477882     
0010001300106U 060000000000000000000000000000000000000000000000000000000000000000000002424540000000002424540000000000000000000000000000002609202427092024            000000000000000                              000                           
0010001300107T 0601897X0000000092096 24778822400002802   700000000000280230092024000000000166949341040050000002802                0900000000000010100000000000000000000000000000000000000   000000000000000000000000004        170192477882     
0010001300108U 060000000000000000000000000000000000000000000000000000000000000000000001669490000000001669490000000000000000000000000000002609202427092024            000000000000000                              000                           
0010001300109T 0601897X0000000092096 24778822400002898   70000000000028983009202400000000014782400101897X000002898                0900000000000010090000000000000000000000000000000000000   000000000000000000000000006        170192477882     
0010001300110U 060000000000000000000000000000000000000000000000000000000000000000000001478240000000001478240000000000000000000000000000002609202427092024            000000000000000                              000                           
0010001300111T 0601897X0000000092096 24778822400002958   700000000000295830092024000000000139430237033930000002958                0900000000000010100000000000000000000000000000000000000   000000000000000000000000004        170192477882     
0010001300112U 060000000000000000000000000000000000000000000000000000000000000000000001394300000000001394300000000000000000000000000000002609202427092024            000000000000000                              000                           
0010001300113T 0601897X0000000092096 24778822400002978   700000000000297830092024000000000131911341001360000002978                0900000000000010100000000000000000000000000000000000000   000000000000000000000000004        170192477882     
0010001300114U 060000000000000000000000000000000000000000000000000000000000000000000001319110000000001319110000000000000000000000000000002609202427092024            000000000000000                              000                           
0010001300115T 0601897X0000000092096 24778822400003098   70000000000030983009202400000000011947000104203X000003098                0900000000000010040000000000000000000000000000000000000   000000000000000000000000034        170192477882     
0010001300116U 060000000000000000000000000000000000000000000000000000000000000000000001194700000000001194700000000000000000000000000000002609202427092024            000000000000000                              000                           
0010001300117T 0601897X0000000092096 24778822400003518   700000000000351830092024000000000079292341064580000003518                0900000000000010100000000000000000000000000000000000000   000000000000000000000000004        170192477882     
0010001300118U 060000000000000000000000000000000000000000000000000000000000000000000000792920000000000792920000000000000000000000000000002609202427092024            000000000000000                              000                           
0010001300119T 0601897X0000000092096 24778822400003614   700000000000361430092024000000000073191237013400000003614                0900000000000010100000000000000000000000000000000000000   000000000000000000000000004        170192477882     
0010001300120U 060000000000000000000000000000000000000000000000000000000000000000000000731910000000000731910000000000000000000000000000002609202427092024            000000000000000                              000                           
0010001300121T 0601897X0000000092096 24778822400003750   700000000000375030092024000000000066667237033900000003750                0900000000000010100000000000000000000000000000000000000   000000000000000000000000004        170192477882     
0010001300122U 060000000000000000000000000000000000000000000000000000000000000000000000666670000000000666670000000000000000000000000000002609202427092024            000000000000000                              000                           
0010001300123T 0601897X0000000092096 24778822400003934   700000000000393430092024000000000059286341006700000003934                0900000000000010100000000000000000000000000000000000000   000000000000000000000000004        170192477882     
0010001300124U 060000000000000000000000000000000000000000000000000000000000000000000000592860000000000592860000000000000000000000000000002609202427092024            000000000000000                              000                           
0010001300125T 0601897X0000000092096 24778822400004078   700000000000407830092024000000000056163237023720000004078                0900000000000010100000000000000000000000000000000000000   000000000000000000000000004        170192477882     
0010001300126U 060000000000000000000000000000000000000000000000000000000000000000000000561630000000000561630000000000000000000000000000002609202427092024            000000000000000                              000                           
0010001300127T 0601897X0000000092096 24778822400004154   700000000000415430092024000000000053540341000280000004154                0900000000000010100000000000000000000000000000000000000   000000000000000000000000004        170192477882     
0010001300128U 060000000000000000000000000000000000000000000000000000000000000000000000535400000000000535400000000000000000000000000000002609202427092024            000000000000000                              000                           
0010001300129T 0601897X0000000092096 24778822400004466   700000000000446630092024000000000042786341009120000004466                0900000000000010100000000000000000000000000000000000000   000000000000000000000000004        170192477882     
0010001300130U 060000000000000000000000000000000000000000000000000000000000000000000000427860000000000427860000000000000000000000000000002609202427092024            000000000000000                              000                           
0010001300131T 0601897X0000000092096 24778822400004467   700000000000446731102024000000000042788341009120000004467                0900000000000010100000000000000000000000000000000000000   000000000000000000000000004        170192477882     
0010001300132U 060000000000000000000000000000000000000000000000000000000000000000000000427880000000000427880000000000000000000000000000002609202427092024            000000000000000                              000                           
0010001300133T 0601897X0000000092096 24778822400004468   700000000000446829112024000000000042788341009120000004468                0900000000000010100000000000000000000000000000000000000   000000000000000000000000004        170192477882     
0010001300134U 060000000000000000000000000000000000000000000000000000000000000000000000427880000000000427880000000000000000000000000000002609202427092024            000000000000000                              000                           
0010001300135T 0601897X0000000092096 24778822400004469   700000000000446919122024000000000042788341009120000004469                0900000000000010100000000000000000000000000000000000000   000000000000000000000000004        170192477882     
0010001300136U 060000000000000000000000000000000000000000000000000000000000000000000000427880000000000427880000000000000000000000000000002609202427092024            000000000000000                              000                           
0010001300137T 0601897X0000000092096 24778822400004742   700000000000474230092024000000000035961756072790000004742                0900000000000010100000000000000000000000000000000000000   000000000000000000000000004        170192477882     
0010001300138U 060000000000000000000000000000000000000000000000000000000000000000000000359610000000000359610000000000000000000000000000002609202427092024            000000000000000                              000                           
0010001300139T 0601897X0000000092096 24778822400005430   700000000000543030092024000000000024853001043036000005430                0900000000000010040000000000000000000000000000000000000   000000000000000000000000034        170192477882     
0010001300140U 060000000000000000000000000000000000000000000000000000000000000000000000248530000000000248530000000000000000000000000000002609202427092024            000000000000000                              000                           
0010001300141T 0601897X0000000092096 24778822400005534   700000000000553430092024000000000022945237005200000005534                0900000000000010100000000000000000000000000000000000000   000000000000000000000000004        170192477882     
0010001300142U 060000000000000000000000000000000000000000000000000000000000000000000000229450000000000229450000000000000000000000000000002609202427092024            000000000000000                              000                           
0010001300143T 0601897X0000000092096 24778829000008191   7000008191      30092024000000000256963237023720000008191                0900000000000010100000000000000000000000000000000000000   000000000000000000000000004        170192477882     
0010001300144U 060000000000000000000000000000000000000000000000000000000000000000000002569630000000002569630000000000000000000000000000002609202427092024            000000000000000                              000                           
0010001300145T 0901897X0000000092096 24778822400000945   70000000000009453009202400000000001359400101849X000000945                0900000000000000000000000000000000000000000000000000000   000000000000000000000037210        170192477882     
0010001300146U 090000000000000000000000000000000000000000000000000000000000000000000000000000000000000000000000000000000000000000000000002609202400000000            000000000000000                              000                           
0010001300147T 0901897X0000000092096 24778822400001315   700000000000131530092024000000000022897001001813000001315                0900000000000000000000000000000000000000000000000000000   000000000000000000000037210        170192477882     
0010001300148U 090000000000000000000000000000000000000000000000000000000000000000000000000000000000000000000000000000000000000000000000002609202400000000            000000000000000                              000                           
0010001300149T 0901897X0000000092096 24778822400001316   700000000000131631102024000000000022897001001813000001316                0900000000000000000000000000000000000000000000000000000   000000000000000000000037210        170192477882     
0010001300150U 090000000000000000000000000000000000000000000000000000000000000000000000000000000000000000000000000000000000000000000000002609202400000000            000000000000000                              000                           
0010001300151T 0901897X0000000092096 24778822400004254   700000000000425430092024000000000050574001003018000004254                0900000000000000000000000000000000000000000000000000000   000000000000000000000037210        170192477882     
0010001300152U 090000000000000000000000000000000000000000000000000000000000000000000000000000000000000000000000000000000000000000000000002609202400000000            000000000000000                              000                           
0010001300153T 0901897X0000000092096 24778822400004255   700000000000425531102024000000000050576001003018000004255                0900000000000000000000000000000000000000000000000000000   000000000000000000000037210        170192477882     
0010001300154U 090000000000000000000000000000000000000000000000000000000000000000000000000000000000000000000000000000000000000000000000002609202400000000            000000000000000                              000                           
0010001300155T 0901897X0000000092096 24778822400004256   700000000000425629112024000000000050576001003018000004256                0900000000000000000000000000000000000000000000000000000   000000000000000000000037210        170192477882     
0010001300156U 090000000000000000000000000000000000000000000000000000000000000000000000000000000000000000000000000000000000000000000000002609202400000000            000000000000000                              000                           
0010001300157T 0901897X0000000092096 24778822400004257   700000000000425719122024000000000050576001003018000004257                0900000000000000000000000000000000000000000000000000000   000000000000000000000037210        170192477882     
0010001300158U 090000000000000000000000000000000000000000000000000000000000000000000000000000000000000000000000000000000000000000000000002609202400000000            000000000000000                              000                           
0010001300159T 1401897X0000000092096 24778822400000037   700000000000003705102024000000000374454001001724000000037                0900000000000000000000000000000000000000000000000000000   000000000000000000000000000        170192477882     
0010001300160U 140000000000000000000000000000000000000000000000000000000000000000000000000000000000000000000000000000000000000000000000002609202400000000            000000000000000                              000                           
0010001300161T 1401897X0000000092096 24778822400000550   700000000000055007102024000000000028073001003409000000550                0900000000000000000000000000000000000000000000000000000   000000000000000000000000000        170192477882     
0010001300162U 140000000000000000000000000000000000000000000000000000000000000000000000000000000000000000000000000000000000000000000000002609202400000000            000000000000000                              000                           
0010001300163T 1401897X0000000092096 24778822400000582   70000000000005821110202400000000002663400101849X000000582                0900000000000000000000000000000000000000000000000000000   000000000000000000000000000        170192477882     
0010001300164U 140000000000000000000000000000000000000000000000000000000000000000000000000000000000000000000000000000000000000000000000002609202400000000            000000000000000                              000                           
0010001300165T 1401897X0000000092096 24778822400001641   700000000000164115102024000000000024397001004154000001641                0900000000000000000000000000000000000000000000000000000   000000000000000000000000000        170192477882     
0010001300166U 140000000000000000000000000000000000000000000000000000000000000000000000000000000000000000000000000000000000000000000000002609202400000000            000000000000000                              000                           
0010001300167T 1401897X0000000092096 24778822400002478   700000000000247804102024000000000309140001003409000002478                0900000000000000000000000000000000000000000000000000000   000000000000000000000000000        170192477882     
0010001300168U 140000000000000000000000000000000000000000000000000000000000000000000000000000000000000000000000000000000000000000000000002609202400000000            000000000000000                              000                           
0010001300169T 1401897X0000000092096 24778822400002962   700000000000296201102024000000000139020001003018000002962                0900000000000000000000000000000000000000000000000000000   000000000000000000000000000        170192477882     
0010001300170U 140000000000000000000000000000000000000000000000000000000000000000000000000000000000000000000000000000000000000000000000002609202400000000            000000000000000                              000                           
0010001300171T 1401897X0000000092096 24778822400003458   700000000000345811102024000000000083568001009946000003458                0900000000000000000000000000000000000000000000000000000   000000000000000000000000000        170192477882     
0010001300172U 140000000000000000000000000000000000000000000000000000000000000000000000000000000000000000000000000000000000000000000000002609202400000000            000000000000000                              000                           
0010001300173T 1401897X0000000092096 24778822400005722   700000000000572211102024000000000021477001009946000005722                0900000000000000000000000000000000000000000000000000000   000000000000000000000000000        170192477882     
0010001300174U 140000000000000000000000000000000000000000000000000000000000000000000000000000000000000000000000000000000000000000000000002609202400000000            000000000000000                              000                           
00100015         000176005537000000020168751590000000000000000000000000000000000000000000000000000000000000000000000000000000000000000000000000000                                                                                              
00199999         000001000178000000                                                                                                                                                            00000000000000000000000000000                    
