00100000         2115139610001160024778820014       01897X0000000092096 FUNDACAO AGENCIA DAS BACIAS HIBANCO DO BRASIL                         21311202402000100583703000000829973081PROCESSAMEN                                                 
00100011T0100020 20115139610001160024778820014       01897X0000000092096 FUNDACAO AGENCIA DAS BACIAS HI                                                                                000000001311202400000000  000000000                      
0010001300001T 0201897X0000000092096 24778829000008395   7000008395      29112024000000000317029001003190000008395                0900000000000010500000000000000000000000000000000000000   0000000000000000000000496A9A4      170192477882     
0010001300002U 020000000000000000000000000000000000000000000000000000000000000000000000000000000000000000000000000000000000000000000000001311202400000000            000000000000000                              000                           
0010001300003T 0201897X0000000092096 24778829000008397   7000008397      2911202400000000010694100101513X000008397                0900000000000010500000000000000000000000000000000000000   0000000000000000000000496A9A4      170192477882     
0010001300004U 020000000000000000000000000000000000000000000000000000000000000000000000000000000000000000000000000000000000000000000000001311202400000000            000000000000000                              000                           
0010001300005T 0201897X0000000092096 24778829000008398   7000008398      3112202400000000010694100101513X000008398                0900000000000010500000000000000000000000000000000000000   0000000000000000000000496A9A4      170192477882     
0010001300006U 020000000000000000000000000000000000000000000000000000000000000000000000000000000000000000000000000000000000000000000000001311202400000000            000000000000000                              000                           
0010001300007T 0201897X0000000092096 24778829000008399   7000008399      29112024000000000168226001008117000008399                0900000000000010000000000000000000000000000000000000000   0000000000000000000000496A9        170192477882     
0010001300008U 020000000000000000000000000000000000000000000000000000000000000000000000000000000000000000000000000000000000000000000000001311202400000000            000000000000000                              000                           
0010001300009T 0601897X0000000092096 24778822400002016   700000000000201629112024000000012923625104030800000002016                0900000000000010100000000000000000000000000000000000000   000000000000000000000000004        170192477882     
0010001300010U 060000000000000000000000000000000000000000000000000000000000000000000129236250000000129236250000000000000000000000000000001311202414112024            000000000000000                              000                           
0010001300011T 0601897X0000000092096 24778822400003052   700000000000305229112024000000000126552341000540000003052                0900000000000010100000000000000000000000000000000000000   000000000000000000000000004        170192477882     
0010001300012U 060000000000000000000000000000000000000000000000000000000000000000000001265520000000001265520000000000000000000000000000001311202414112024            000000000000000                              000                           
0010001300013T 0601897X0000000092096 24778822400003236   700000000000323629112024000000000107183341009420000003236                0900000000000010100000000000000000000000000000000000000   000000000000000000000000004        170192477882     
0010001300014U 060000000000000000000000000000000000000000000000000000000000000000000001071830000000001071830000000000000000000000000000001311202414112024            000000000000000                              000                           
0010001300015T 0601897X0000000092096 24778822400004252   700000000000425229112024000000000050642341088490000004252                0900000000000010100000000000000000000000000000000000000   000000000000000000000000004        170192477882     
0010001300016U 060000000000000000000000000000000000000000000000000000000000000000000000506420000000000506420000000000000000000000000000001311202414112024            000000000000000                              000                           
0010001300017T 0601897X0000000092096 24778822400004304   700000000000430429112024000000000047575033003920000004304                0900000000000010100000000000000000000000000000000000000   000000000000000000000000004        170192477882     
0010001300018U 060000000000000000000000000000000000000000000000000000000000000000000000475750000000000475750000000000000000000000000000001311202414112024            000000000000000                              000                           
0010001300019T 0601897X0000000092096 24778822400005420   700000000000542029112024000000000024926033030750000005420                0900000000000010100000000000000000000000000000000000000   000000000000000000000000004        170192477882     
0010001300020U 060000000000000000000000000000000000000000000000000000000000000000000000249260000000000249260000000000000000000000000000001311202414112024            000000000000000                              000                           
0010001300021T 0601897X0000000092096 24778829000008364   7000008364      29112024000000000162662341000090000008364                0900000000000010100000000000000000000000000000000000000   000000000000000000000000004        170192477882     
0010001300022U 060000000000000000000000000000000000000000000000000000000000000000000001626620000000001626620000000000000000000000000000001311202414112024            000000000000000                              000                           
0010001300023T 0901897X0000000092096 24778822400005287   70000000000052873110202400000000002704100101849X000005287                0900000000000000000000000000000000000000000000000000000   000000000000000000000037210        170192477882     
0010001300024U 090000000000000000000000000000000000000000000000000000000000000000000000000000000000000000000000000000000000000000000000001311202400000000            000000000000000                              000                           
0010001300025T 0301897X0000000092096 24778829000008394   7000008394      2911202400000000024561600100000 000008394                0900000000000000000000000000000000000000000000000000000   000000000000000000000000048        170192477882     
0010001300026U 030000000000000000000000000000000000000000000000000000000000000000000000000000000000000000000000000000000000000000000000001311202400000000            000000000000000                              000                           
0010001300027T 0301897X0000000092096 24778829000008396   7000008396      2911202400000000021813400100000 000008396                0900000000000000000000000000000000000000000000000000000   000000000000000000000000046        170192477882     
0010001300028U 030000000000000000000000000000000000000000000000000000000000000000000000000000000000000000000000000000000000000000000000001311202400000000            000000000000000                              000                           
00100015         000030002469000000010041019660000000000000000000000000000000000000000000000000000000000000000000000000000000000000000000000000000                                                                                              
00199999         000001000032000000                                                                                                                                                            00000000000000000000000000000                    
