00100000         2115139610001160024778820014       01897X0000000092096 FUNDACAO AGENCIA DAS BACIAS HIBANCO DO BRASIL                         23007202402010300568703000000829973081PROCESSAMEN                                                 
00100011T0100020 20115139610001160024778820014       01897X0000000092096 FUNDACAO AGENCIA DAS BACIAS HI                                                                                000000003007202400000000  000000000                      
0010001300001T 0601897X0000000092096 24778829000008060   7000008060      31072024000000000062022341001620000008060                0900000000000010100000000000000000000000000000000000000   000000000000000000000000004        170192477882     
0010001300002U 060000000000000000000000000000000000000000000000000000000000000000000000620220000000000620220000000000000000000000000000003007202431072024            000000000000000                              000                           
0010001300003T 0601897X0000000092096 24778829000008076   7000008076      31072024000000000060638237022970000008076                0900000000000010100000000000000000000000000000000000000   000000000000000000000000004        170192477882     
0010001300004U 060000000000000000000000000000000000000000000000000000000000000000000000606380000000000606380000000000000000000000000000003007202431072024            000000000000000                              000                           
00100015         000006000045000000000650077300000000000000000000000000000000000000000000000000000000000000000000000000000000000000000000000000000                                                                                              
00199999         000001000008000000                                                                                                                                                            00000000000000000000000000000                    
