00100000         2115139610001160024778820014       01897X0000000092096 FUNDACAO AGENCIA DAS BACIAS HIBANCO DO BRASIL                         20312202402022600586103000000829973081PROCESSAMEN                                                 
00100011T0100020 20115139610001160024778820014       01897X0000000092096 FUNDACAO AGENCIA DAS BACIAS HI                                                                                000000000312202400000000  000000000                      
0010001300001T 0201897X0000000092096 24778829000008439   7000008439      3112202400000000040836900100216X000008439                0900000000000010500000000000000000000000000000000000000   0000000000000000000000496A9A4      170192477882     
0010001300002U 020000000000000000000000000000000000000000000000000000000000000000000000000000000000000000000000000000000000000000000000000312202400000000            000000000000000                              000                           
0010001300003T 0601897X0000000092096 24778822400002048   700000000000204829112024000000005336596001020125000002048                0900000000000010040000000000000000000000000000000000000   000000000000000000000000034        170192477882     
0010001300004U 060000000001138390000000000000000000000000000000000000000000000000000054504350000000054504350000000000000000000000000000000312202404122024            000000000000000                              000                           
0010001300005T 0601897X0000000092096 24778822400003244   700000000000324429112024000000000106860104003150000003244                0900000000000010100000000000000000000000000000000000000   000000000000000000000000004        170192477882     
0010001300006U 060000000000022790000000000000000000000000000000000000000000000000000001091390000000001091390000000000000000000000000000000312202404122024            000000000000000                              000                           
0010001300007T 0601897X0000000092096 24778822400005009   700000000000500919122024000000000031985001033626000005009                0900000000000010090000000000000000000000000000000000000   000000000000000000000000006        170192477882     
0010001300008U 060000000000000000000000000000000000000000000000000000000000000000000000319850000000000319850000000000000000000000000000000312202404122024            000000000000000                              000                           
0010001300009T 0601897X0000000092096 24778829000008432   7000008432      31122024000000000045307748077510000008432                0900000000000010100000000000000000000000000000000000000   000000000000000000000000004        170192477882     
0010001300010U 060000000000000000000000000000000000000000000000000000000000000000000000453070000000000453070000000000000000000000000000000312202404122024            000000000000000                              000                           
00100015         000012001609000000005936872710000000000000000000000000000000000000000000000000000000000000000000000000000000000000000000000000000                                                                                              
00199999         000001000014000000                                                                                                                                                            00000000000000000000000000000                    
