00100000         2115139610001160024778820014       01897X0000000092096 FUNDACAO AGENCIA DAS BACIAS HIBANCO DO BRASIL                         22806202403262000565703000000829973081PROCESSAMEN                                                 
00100011T0100020 20115139610001160024778820014       01897X0000000092096 FUNDACAO AGENCIA DAS BACIAS HI                                                                                000000002806202400000000  000000000                      
0010001300001T 0201897X0000000092096 24778829000008107   7000008107      05072024000000000028203001045888000008107                0900000000000010500000000000000000000000000000000000000   0000000000000000000000496A9A4      170192477882     
0010001300002U 020000000000000000000000000000000000000000000000000000000000000000000000000000000000000000000000000000000000000000000000002806202400000000            000000000000000                              000                           
0010001300003T 0601897X0000000092096 24778829000007898   7000007898      28062024000000022041723001069779000007898                0900000000000010040000000000000000000000000000000000000   000000000000000000000000034        170192477882     
0010001300004U 060000000000000000000000000000000000000000000000000000000000000000000220417230000000220417230000000000000000000000000000002806202401072024            000000000000000                              000                           
0010001300005T 0601897X0000000092096 24778829000007906   7000007906      28062024000000008000000104003410000007906                0900000000000010100000000000000000000000000000000000000   000000000000000000000000004        170192477882     
0010001300006U 060000000000000000000000000000000000000000000000000000000000000000000080000000000000080000000000000000000000000000000000002806202401072024            000000000000000                              000                           
0010001300007T 0601897X0000000092096 24778829000008007   7000008007      28062024000000001970464104019380000008007                0900000000000010100000000000000000000000000000000000000   000000000000000000000000004        170192477882     
0010001300008U 060000000000000000000000000000000000000000000000000000000000000000000019704640000000019704640000000000000000000000000000002806202401072024            000000000000000                              000                           
0010001300009T 0601897X0000000092096 24778829000008075   7000008075      28062024000000000060638237022970000008075                0900000000000010100000000000000000000000000000000000000   000000000000000000000000004        170192477882     
0010001300010U 060000000000000000000000000000000000000000000000000000000000000000000000606380000000000606380000000000000000000000000000002806202401072024            000000000000000                              000                           
0010001300011T 0601897X0000000092096 24778829000008088   7000008088      28062024000000000218613341074680000008088                0900000000000010100000000000000000000000000000000000000   000000000000000000000000004        170192477882     
0010001300012U 060000000000000000000000000000000000000000000000000000000000000000000002186130000000002186130000000000000000000000000000002806202401072024            000000000000000                              000                           
00100015         000014000031000000000617536740000000000000000000000000000000000000000000000000000000000000000000000000000000000000000000000000000                                                                                              
00199999         000001000016000000                                                                                                                                                            00000000000000000000000000000                    
