00100000         2115139610001160024778820014       01897X0000000092096 FUNDACAO AGENCIA DAS BACIAS HIBANCO DO BRASIL                         21112202401502500587303000000829973081PROCESSAMEN                                                 
00100011T0100020 20115139610001160024778820014       01897X0000000092096 FUNDACAO AGENCIA DAS BACIAS HI                                                                                000000001112202400000000  000000000                      
0010001300001T 0601897X0000000092096 24778822400001637   700000000000163729112024000000000024397341018740000001637                0900000000000010100000000000000000000000000000000000000   000000000000000000000000004        170192477882     
0010001300002U 060000000000005840000000000000000000000000000000000000000000000000000000249810000000000249810000000000000000000000000000001112202412122024            000000000000000                              000                           
0010001300003T 0601897X0000000092096 24778822400002017   700000000000201719122024000000012923625104030800000002017                0900000000000010100000000000000000000000000000000000000   000000000000000000000000004        170192477882     
0010001300004U 060000000000000000000000000000000000000000000000000000000000000000000129236250000000129236250000000000000000000000000000001112202412122024            000000000000000                              000                           
0010001300005T 0601897X0000000092096 24778822400002129   700000000000212919122024000000001860980104030800000002129                0900000000000010100000000000000000000000000000000000000   000000000000000000000000004        170192477882     
0010001300006U 060000000000000000000000000000000000000000000000000000000000000000000018609800000000018609800000000000000000000000000000001112202412122024            000000000000000                              000                           
0010001300007T 0601897X0000000092096 24778822400002281   700000000000228119122024000000000541688341001100000002281                0900000000000010100000000000000000000000000000000000000   000000000000000000000000004        170192477882     
0010001300008U 060000000000000000000000000000000000000000000000000000000000000000000005416880000000005416880000000000000000000000000000001112202412122024            000000000000000                              000                           
0010001300009T 0601897X0000000092096 24778822400002817   700000000000281719122024000000000163084341009100000002817                0900000000000010100000000000000000000000000000000000000   000000000000000000000000004        170192477882     
0010001300010U 060000000000000000000000000000000000000000000000000000000000000000000001630840000000001630840000000000000000000000000000001112202412122024            000000000000000                              000                           
0010001300011T 0601897X0000000092096 24778822400003237   700000000000323719122024000000000107183341009420000003237                0900000000000010100000000000000000000000000000000000000   000000000000000000000000004        170192477882     
0010001300012U 060000000000000000000000000000000000000000000000000000000000000000000001071830000000001071830000000000000000000000000000001112202412122024            000000000000000                              000                           
0010001300013T 0601897X0000000092096 24778822400003613   700000000000361319122024000000000073192033000900000003613                0900000000000010100000000000000000000000000000000000000   000000000000000000000000004        170192477882     
0010001300014U 060000000000000000000000000000000000000000000000000000000000000000000000731920000000000731920000000000000000000000000000001112202412122024            000000000000000                              000                           
0010001300015T 0601897X0000000092096 24778822400003701   700000000000370119122024000000000070430237019150000003701                0900000000000010100000000000000000000000000000000000000   000000000000000000000000004        170192477882     
0010001300016U 060000000000000000000000000000000000000000000000000000000000000000000000704300000000000704300000000000000000000000000000001112202412122024            000000000000000                              000                           
0010001300017T 0601897X0000000092096 24778822400003989   700000000000398919122024000000000058553033033160000003989                0900000000000010100000000000000000000000000000000000000   000000000000000000000000004        170192477882     
0010001300018U 060000000000000000000000000000000000000000000000000000000000000000000000585530000000000585530000000000000000000000000000001112202412122024            000000000000000                              000                           
0010001300019T 0601897X0000000092096 24778822400004233   700000000000423319122024000000000051070341001830000004233                0900000000000010100000000000000000000000000000000000000   000000000000000000000000004        170192477882     
0010001300020U 060000000000000000000000000000000000000000000000000000000000000000000000510700000000000510700000000000000000000000000000001112202412122024            000000000000000                              000                           
0010001300021T 0601897X0000000092096 24778822400004609   700000000000460919122024000000000038436341015630000004609                0900000000000010100000000000000000000000000000000000000   000000000000000000000000004        170192477882     
0010001300022U 060000000000000000000000000000000000000000000000000000000000000000000000384360000000000384360000000000000000000000000000001112202412122024            000000000000000                              000                           
0010001300023T 0601897X0000000092096 24778822400004929   700000000000492919122024000000000032936748030320000004929                0900000000000010100000000000000000000000000000000000000   000000000000000000000000004        170192477882     
0010001300024U 060000000000000000000000000000000000000000000000000000000000000000000000329360000000000329360000000000000000000000000000001112202412122024            000000000000000                              000                           
0010001300025T 0601897X0000000092096 24778822400004965   700000000000496519122024000000000032594341009120000004965                0900000000000010100000000000000000000000000000000000000   000000000000000000000000004        170192477882     
0010001300026U 060000000000000000000000000000000000000000000000000000000000000000000000325940000000000325940000000000000000000000000000001012202411122024            000000000000000                              000                           
0010001300027T 0601897X0000000092096 24778822400005229   700000000000522919122024000000000028179033036440000005229                0900000000000010100000000000000000000000000000000000000   000000000000000000000000004        170192477882     
0010001300028U 060000000000000000000000000000000000000000000000000000000000000000000000281790000000000281790000000000000000000000000000001112202412122024            000000000000000                              000                           
0010001300029T 0601897X0000000092096 24778822400005497   700000000000549719122024000000000023407237002150000005497                0900000000000010100000000000000000000000000000000000000   000000000000000000000000004        170192477882     
0010001300030U 060000000000000000000000000000000000000000000000000000000000000000000000234070000000000234070000000000000000000000000000001112202412122024            000000000000000                              000                           
0010001300031T 0601897X0000000092096 24778829000008375   7000008375      29112024000000000041569001066249000008375                0900000000000010040000000000000000000000000000000000000   000000000000000000000000034        170192477882     
0010001300032U 060000000000009970000000000000000000000000000000000000000000000000000000425660000000000425660000000000000000000000000000001112202412122024            000000000000000                              000                           
00100015         000034001198000000005487096360000000000000000000000000000000000000000000000000000000000000000000000000000000000000000000000000000                                                                                              
00199999         000001000036000000                                                                                                                                                            00000000000000000000000000000                    
