00100000         2115139610001160024778820014       01897X0000000092096 FUNDACAO AGENCIA DAS BACIAS HIBANCO DO BRASIL                         22908202402025100572903000000829973081PROCESSAMEN                                                 
00100011T0100020 20115139610001160024778820014       01897X0000000092096 FUNDACAO AGENCIA DAS BACIAS HI                                                                                000000002908202400000000  000000000                      
0010001300001T 0201897X0000000092096 24778829000008175   7000008175      30092024000000000025745001041467000008175                0900000000000010000000000000000000000000000000000000000   0000000000000000000000496A9        170192477882     
0010001300002U 020000000000000000000000000000000000000000000000000000000000000000000000000000000000000000000000000000000000000000000000002908202400000000            000000000000000                              000                           
0010001300003T 0201897X0000000092096 24778829000008176   7000008176      30092024000000000026940001007994000008176                0900000000000010500000000000000000000000000000000000000   0000000000000000000000496A9A4      170192477882     
0010001300004U 020000000000000000000000000000000000000000000000000000000000000000000000000000000000000000000000000000000000000000000000002908202400000000            000000000000000                              000                           
0010001300005T 0201897X0000000092096 24778829000008177   7000008177      30092024000000019161716001009946000008177                0900000000000010500000000000000000000000000000000000000   0000000000000000000000496A9A4      170192477882     
0010001300006U 020000000000000000000000000000000000000000000000000000000000000000000000000000000000000000000000000000000000000000000000002908202400000000            000000000000000                              000                           
0010001300007T 0601897X0000000092096 24778829000008146   7000008146      30082024000000000076469237023740000008146                0900000000000010100000000000000000000000000000000000000   000000000000000000000000004        170192477882     
0010001300008U 060000000000000000000000000000000000000000000000000000000000000000000000764690000000000764690000000000000000000000000000002908202430082024            000000000000000                              000                           
0010001300009T 0601897X0000000092096 24778829000008147   7000008147      30082024000000000029052237023740000008147                0900000000000010100000000000000000000000000000000000000   000000000000000000000000004        170192477882     
0010001300010U 060000000000000000000000000000000000000000000000000000000000000000000000290520000000000290520000000000000000000000000000002908202430082024            000000000000000                              000                           
0010001300011T 0901897X0000000092096 24778822400000002   700000000000000230092024000000019161716001009946000000002                0900000000000000000000000000000000000000000000000000000   000000000000000000000037210        170192477882     
0010001300012U 090000000000000000000000000000000000000000000000000000000000000000000000000000000000000000000000000000000000000000000000002908202400000000            000000000000000                              000                           
0010001300013T 1201897X0000000092096 24778822400000002   700000000000000230092024000000019161746001009946000000002                0900000000000000000000000000000000000000000000000000000   000000000000000000000000000        170192477882     
0010001300014U 120000000000000000000000000000000000000000000300000000000000000000000000000000000000000000000000000000000000000000000000002908202400000000            000000000000000                              000                           
0010001300015T 5201897X0000000092096 24778822400000039   700000000000003930092024000000000345464001000566000000039                0900000000000000000000000000000000000000000000000000000   000000000000000000000000000        170192477882     
0010001300016U 520000000000000000000000000000000000000000000000000000000000000000000000000000000000000000000000000000000000000000000000002908202400000000            000000000000000                              000                           
0010001300017T 5201897X0000000092096 24778822400000046   70000000000000463009202400000000031208900100216X000000046                0900000000000000000000000000000000000000000000000000000   000000000000000000000000000        170192477882     
0010001300018U 520000000000000000000000000000000000000000000000000000000000000000000000000000000000000000000000000000000000000000000000002908202400000000            000000000000000                              000                           
0010001300019T 1401897X0000000092096 24778829000008173   7000008173      04092024000000000033986001009903000008173                0900000000000000000000000000000000000000000000000000000   000000000000000000000000000        170192477882     
0010001300020U 140000000000000000000000000000000000000000000000000000000000000000000000000000000000000000000000000000000000000000000000002908202400000000            000000000000000                              000                           
0010001300021T 0801897X0000000092096 24778822400000002   700000000000000230092024000000019161716001009946000000002                0900000000000000000000000000000000000000000000000000000   000000000000000000000000000        170192477882     
0010001300022U 080000000000000000000000000000000000000000000000000000000000000000000000000000000000000000000000000000000000000000000000002908202400000000            000000000000000                              000                           
00100015         000024005936000000021563264200000000000000000000000000000000000000000000000000000000000000000000000000000000000000000000000000000                                                                                              
00199999         000001000026000000                                                                                                                                                            00000000000000000000000000000                    
