00100000         2115139610001160024778820014       01897X0000000092096 FUNDACAO AGENCIA DAS BACIAS HIBANCO DO BRASIL                         22601202401221200550303000000829973081PROCESSAMEN                                                 
00100011T0100020 20115139610001160024778820014       01897X0000000092096 FUNDACAO AGENCIA DAS BACIAS HI                                                                                000000002601202400000000  000000000                      
0010001300001T 0601897X0000000092096 24778829000007996   7000007996      31012024000000000023130341009120000007996                0900000000000010100000000000000000000000000000000000000   000000000000000000000000004        170192477882     
0010001300002U 060000000000000000000000000000000000000000000000000000000000000000000000231300000000000231300000000000000000000000000000002601202429012024            000000000000000                              000                           
0010001300003T 0901897X0000000092096 24778822230002804   700000000000280422122023000000000021643001003409000002804                0900000000000000000000000000000000000000000000000000000   000000000000000000000037209        170192477882     
0010001300004U 090000000000000000000000000000000000000000000000000000000000000000000000000000000000000000000000000000000000000000000000002601202400000000            000000000000000                              000                           
0010001300005T 0901897X0000000092096 24778822230002828   700000000000282822122023000000000040988001009903000002828                0900000000000000000000000000000000000000000000000000000   000000000000000000000037209        170192477882     
0010001300006U 090000000000000000000000000000000000000000000000000000000000000000000000000000000000000000000000000000000000000000000000002601202400000000            000000000000000                              000                           
0010001300007T 0901897X0000000092096 24778822230002858   700000000000285822122023000000000029277001069833000002858                0900000000000000000000000000000000000000000000000000000   000000000000000000000037209        170192477882     
0010001300008U 090000000000000000000000000000000000000000000000000000000000000000000000000000000000000000000000000000000000000000000000002601202400000000            000000000000000                              000                           
0010001300009T 0901897X0000000092096 24778822230002870   70000000000028702212202300000000003044300101849X000002870                0900000000000000000000000000000000000000000000000000000   000000000000000000000037209        170192477882     
0010001300010U 090000000000000000000000000000000000000000000000000000000000000000000000000000000000000000000000000000000000000000000000002601202400000000            000000000000000                              000                           
0010001300011T 0901897X0000000092096 24778822230002936   700000000000293622122023000000000057968001006998000002936                0900000000000000000000000000000000000000000000000000000   000000000000000000000037209        170192477882     
0010001300012U 090000000000000000000000000000000000000000000000000000000000000000000000000000000000000000000000000000000000000000000000002601202400000000            000000000000000                              000                           
0010001300013T 0901897X0000000092096 24778822230002996   70000000000029962212202300000000004391500100636X000002996                0900000000000000000000000000000000000000000000000000000   000000000000000000000037209        170192477882     
0010001300014U 090000000000000000000000000000000000000000000000000000000000000000000000000000000000000000000000000000000000000000000000002601202400000000            000000000000000                              000                           
0010001300015T 0901897X0000000092096 24778822230003116   700000000000311622122023000000000085749001004561000003116                0900000000000000000000000000000000000000000000000000000   000000000000000000000037209        170192477882     
0010001300016U 090000000000000000000000000000000000000000000000000000000000000000000000000000000000000000000000000000000000000000000000002601202400000000            000000000000000                              000                           
0010001300017T 0901897X0000000092096 24778822230003122   700000000000312222122023000000000063433001004561000003122                0900000000000000000000000000000000000000000000000000000   000000000000000000000037209        170192477882     
0010001300018U 090000000000000000000000000000000000000000000000000000000000000000000000000000000000000000000000000000000000000000000000002601202400000000            000000000000000                              000                           
0010001300019T 0901897X0000000092096 24778822230003128   700000000000312822122023000000000135561001000566000003128                0900000000000000000000000000000000000000000000000000000   000000000000000000000037209        170192477882     
0010001300020U 090000000000000000000000000000000000000000000000000000000000000000000000000000000000000000000000000000000000000000000000002601202400000000            000000000000000                              000                           
0010001300021T 0901897X0000000092096 24778822230003194   700000000000319422122023000000000020982001041467000003194                0900000000000000000000000000000000000000000000000000000   000000000000000000000037209        170192477882     
0010001300022U 090000000000000000000000000000000000000000000000000000000000000000000000000000000000000000000000000000000000000000000000002601202400000000            000000000000000                              000                           
0010001300023T 0901897X0000000092096 24778822230003224   700000000000322422122023000000000026959001007994000003224                0900000000000000000000000000000000000000000000000000000   000000000000000000000037209        170192477882     
0010001300024U 090000000000000000000000000000000000000000000000000000000000000000000000000000000000000000000000000000000000000000000000002601202400000000            000000000000000                              000                           
0010001300025T 0901897X0000000092096 24778822230003278   700000000000327822122023000000000080877001007994000003278                0900000000000000000000000000000000000000000000000000000   000000000000000000000037209        170192477882     
0010001300026U 090000000000000000000000000000000000000000000000000000000000000000000000000000000000000000000000000000000000000000000000002601202400000000            000000000000000                              000                           
0010001300027T 0901897X0000000092096 24778822230003284   70000000000032842212202300000000017102500101849X000003284                0900000000000000000000000000000000000000000000000000000   000000000000000000000037209        170192477882     
0010001300028U 090000000000000000000000000000000000000000000000000000000000000000000000000000000000000000000000000000000000000000000000002601202400000000            000000000000000                              000                           
0010001300029T 0901897X0000000092096 24778822230003326   700000000000332622122023000000000033912001000566000003326                0900000000000000000000000000000000000000000000000000000   000000000000000000000037209        170192477882     
0010001300030U 090000000000000000000000000000000000000000000000000000000000000000000000000000000000000000000000000000000000000000000000002601202400000000            000000000000000                              000                           
0010001300031T 0901897X0000000092096 24778822230003362   70000000000033622212202300000000010828400101513X000003362                0900000000000000000000000000000000000000000000000000000   000000000000000000000037209        170192477882     
0010001300032U 090000000000000000000000000000000000000000000000000000000000000000000000000000000000000000000000000000000000000000000000002601202400000000            000000000000000                              000                           
0010001300033T 0901897X0000000092096 24778822230003404   700000000000340422122023000000000037442001003018000003404                0900000000000000000000000000000000000000000000000000000   000000000000000000000037209        170192477882     
0010001300034U 090000000000000000000000000000000000000000000000000000000000000000000000000000000000000000000000000000000000000000000000002601202400000000            000000000000000                              000                           
0010001300035T 0901897X0000000092096 24778822230003410   700000000000341022122023000000000021304001004596000003410                0900000000000000000000000000000000000000000000000000000   000000000000000000000037209        170192477882     
0010001300036U 090000000000000000000000000000000000000000000000000000000000000000000000000000000000000000000000000000000000000000000000002601202400000000            000000000000000                              000                           
0010001300037T 0901897X0000000092096 24778822230003518   700000000000351822122023000000000024397001004154000003518                0900000000000000000000000000000000000000000000000000000   000000000000000000000037209        170192477882     
0010001300038U 090000000000000000000000000000000000000000000000000000000000000000000000000000000000000000000000000000000000000000000000002601202400000000            000000000000000                              000                           
0010001300039T 0901897X0000000092096 24778822230003608   700000000000360822122023000000006327993001026565000003608                0900000000000000000000000000000000000000000000000000000   000000000000000000000037209        170192477882     
0010001300040U 090000000000000000000000000000000000000000000000000000000000000000000000000000000000000000000000000000000000000000000000002601202400000000            000000000000000                              000                           
0010001300041T 0901897X0000000092096 24778822230003692   700000000000369222122023000000000119023001003018000003692                0900000000000000000000000000000000000000000000000000000   000000000000000000000037209        170192477882     
0010001300042U 090000000000000000000000000000000000000000000000000000000000000000000000000000000000000000000000000000000000000000000000002601202400000000            000000000000000                              000                           
0010001300043T 0901897X0000000092096 24778822230003812   700000000000381222122023000000000023769001006998000003812                0900000000000000000000000000000000000000000000000000000   000000000000000000000037209        170192477882     
0010001300044U 090000000000000000000000000000000000000000000000000000000000000000000000000000000000000000000000000000000000000000000000002601202400000000            000000000000000                              000                           
0010001300045T 0901897X0000000092096 24778822230003842   700000000000384222122023000000000060658001066583000003842                0900000000000000000000000000000000000000000000000000000   000000000000000000000037209        170192477882     
0010001300046U 090000000000000000000000000000000000000000000000000000000000000000000000000000000000000000000000000000000000000000000000002601202400000000            000000000000000                              000                           
0010001300047T 0901897X0000000092096 24778822230003854   700000000000385422122023000000000041223001000566000003854                0900000000000000000000000000000000000000000000000000000   000000000000000000000037209        170192477882     
0010001300048U 090000000000000000000000000000000000000000000000000000000000000000000000000000000000000000000000000000000000000000000000002601202400000000            000000000000000                              000                           
0010001300049T 0901897X0000000092096 24778822230003968   700000000000396822122023000000000133697001022004000003968                0900000000000000000000000000000000000000000000000000000   000000000000000000000037209        170192477882     
0010001300050U 090000000000000000000000000000000000000000000000000000000000000000000000000000000000000000000000000000000000000000000000002601202400000000            000000000000000                              000                           
0010001300051T 0901897X0000000092096 24778822230004232   700000000000423222122023000000000121986001069833000004232                0900000000000000000000000000000000000000000000000000000   000000000000000000000037209        170192477882     
0010001300052U 090000000000000000000000000000000000000000000000000000000000000000000000000000000000000000000000000000000000000000000000002601202400000000            000000000000000                              000                           
0010001300053T 0901897X0000000092096 24778822230004358   700000000000435822122023000000000059231001069833000004358                0900000000000000000000000000000000000000000000000000000   000000000000000000000037209        170192477882     
0010001300054U 090000000000000000000000000000000000000000000000000000000000000000000000000000000000000000000000000000000000000000000000002601202400000000            000000000000000                              000                           
0010001300055T 0901897X0000000092096 24778822230004400   700000000000440022122023000000000085390001000566000004400                0900000000000000000000000000000000000000000000000000000   000000000000000000000037209        170192477882     
0010001300056U 090000000000000000000000000000000000000000000000000000000000000000000000000000000000000000000000000000000000000000000000002601202400000000            000000000000000                              000                           
0010001300057T 0901897X0000000092096 24778822230004442   700000000000444222122023000000000028545001009296000004442                0900000000000000000000000000000000000000000000000000000   000000000000000000000037209        170192477882     
0010001300058U 090000000000000000000000000000000000000000000000000000000000000000000000000000000000000000000000000000000000000000000000002601202400000000            000000000000000                              000                           
0010001300059T 0901897X0000000092096 24778822230004460   70000000000044602212202300000000003903600101849X000004460                0900000000000000000000000000000000000000000000000000000   000000000000000000000037209        170192477882     
0010001300060U 090000000000000000000000000000000000000000000000000000000000000000000000000000000000000000000000000000000000000000000000002601202400000000            000000000000000                              000                           
0010001300061T 0901897X0000000092096 24778822230004526   700000000000452622122023000000000041963001009946000004526                0900000000000000000000000000000000000000000000000000000   000000000000000000000037209        170192477882     
0010001300062U 090000000000000000000000000000000000000000000000000000000000000000000000000000000000000000000000000000000000000000000000002601202400000000            000000000000000                              000                           
0010001300063T 0901897X0000000092096 24778822230004580   700000000000458022122023000000000020693001003409000004580                0900000000000000000000000000000000000000000000000000000   000000000000000000000037209        170192477882     
0010001300064U 090000000000000000000000000000000000000000000000000000000000000000000000000000000000000000000000000000000000000000000000002601202400000000            000000000000000                              000                           
0010001300065T 0901897X0000000092096 24778822230004604   700000000000460422122023000000000020982001009296000004604                0900000000000000000000000000000000000000000000000000000   000000000000000000000037209        170192477882     
0010001300066U 090000000000000000000000000000000000000000000000000000000000000000000000000000000000000000000000000000000000000000000000002601202400000000            000000000000000                              000                           
0010001300067T 0901897X0000000092096 24778822230004610   700000000000461022122023000000000029007001007994000004610                0900000000000000000000000000000000000000000000000000000   000000000000000000000037209        170192477882     
0010001300068U 090000000000000000000000000000000000000000000000000000000000000000000000000000000000000000000000000000000000000000000000002601202400000000            000000000000000                              000                           
0010001300069T 0901897X0000000092096 24778822230004694   700000000000469422122023000000000037538001023248000004694                0900000000000000000000000000000000000000000000000000000   000000000000000000000037209        170192477882     
0010001300070U 090000000000000000000000000000000000000000000000000000000000000000000000000000000000000000000000000000000000000000000000002601202400000000            000000000000000                              000                           
0010001300071T 0901897X0000000092096 24778822230004730   700000000000473022122023000000000020163001004596000004730                0900000000000000000000000000000000000000000000000000000   000000000000000000000037209        170192477882     
0010001300072U 090000000000000000000000000000000000000000000000000000000000000000000000000000000000000000000000000000000000000000000000002601202400000000            000000000000000                              000                           
0010001300073T 0901897X0000000092096 24778822230004760   700000000000476022122023000000000060984001000566000004760                0900000000000000000000000000000000000000000000000000000   000000000000000000000037209        170192477882     
0010001300074U 090000000000000000000000000000000000000000000000000000000000000000000000000000000000000000000000000000000000000000000000002601202400000000            000000000000000                              000                           
0010001300075T 0901897X0000000092096 24778822230004832   700000000000483222122023000000000046198001003190000004832                0900000000000000000000000000000000000000000000000000000   000000000000000000000037209        170192477882     
0010001300076U 090000000000000000000000000000000000000000000000000000000000000000000000000000000000000000000000000000000000000000000000002601202400000000            000000000000000                              000                           
0010001300077T 0901897X0000000092096 24778822230004874   700000000000487422122023000000000068312001014753000004874                0900000000000000000000000000000000000000000000000000000   000000000000000000000037209        170192477882     
0010001300078U 090000000000000000000000000000000000000000000000000000000000000000000000000000000000000000000000000000000000000000000000002601202400000000            000000000000000                              000                           
0010001300079T 0901897X0000000092096 24778822230004898   700000000000489822122023000000000038157001069833000004898                0900000000000000000000000000000000000000000000000000000   000000000000000000000037209        170192477882     
0010001300080U 090000000000000000000000000000000000000000000000000000000000000000000000000000000000000000000000000000000000000000000000002601202400000000            000000000000000                              000                           
0010001300081T 0901897X0000000092096 24778822230005000   700000000000500022122023000000000108208001001724000005000                0900000000000000000000000000000000000000000000000000000   000000000000000000000037209        170192477882     
0010001300082U 090000000000000000000000000000000000000000000000000000000000000000000000000000000000000000000000000000000000000000000000002601202400000000            000000000000000                              000                           
0010001300083T 0901897X0000000092096 24778822230005060   70000000000050602212202300000000002025000101849X000005060                0900000000000000000000000000000000000000000000000000000   000000000000000000000037209        170192477882     
0010001300084U 090000000000000000000000000000000000000000000000000000000000000000000000000000000000000000000000000000000000000000000000002601202400000000            000000000000000                              000                           
0010001300085T 0901897X0000000092096 24778822230005084   700000000000508422122023000000000021176001003409000005084                0900000000000000000000000000000000000000000000000000000   000000000000000000000037209        170192477882     
0010001300086U 090000000000000000000000000000000000000000000000000000000000000000000000000000000000000000000000000000000000000000000000002601202400000000            000000000000000                              000                           
0010001300087T 0901897X0000000092096 24778822230005108   700000000000510822122023000000000036037001009296000005108                0900000000000000000000000000000000000000000000000000000   000000000000000000000037209        170192477882     
0010001300088U 090000000000000000000000000000000000000000000000000000000000000000000000000000000000000000000000000000000000000000000000002601202400000000            000000000000000                              000                           
0010001300089T 0901897X0000000092096 24778822230005180   70000000000051802212202300000000002194300101849X000005180                0900000000000000000000000000000000000000000000000000000   000000000000000000000037209        170192477882     
0010001300090U 090000000000000000000000000000000000000000000000000000000000000000000000000000000000000000000000000000000000000000000000002601202400000000            000000000000000                              000                           
0010001300091T 0901897X0000000092096 24778822230005192   700000000000519222122023000000000042988001003018000005192                0900000000000000000000000000000000000000000000000000000   000000000000000000000037209        170192477882     
0010001300092U 090000000000000000000000000000000000000000000000000000000000000000000000000000000000000000000000000000000000000000000000002601202400000000            000000000000000                              000                           
0010001300093T 0901897X0000000092096 24778822230005234   700000000000523422122023000000000035439001003409000005234                0900000000000000000000000000000000000000000000000000000   000000000000000000000037209        170192477882     
0010001300094U 090000000000000000000000000000000000000000000000000000000000000000000000000000000000000000000000000000000000000000000000002601202400000000            000000000000000                              000                           
0010001300095T 0901897X0000000092096 24778822230005246   70000000000052462212202300000000002196600100216X000005246                0900000000000000000000000000000000000000000000000000000   000000000000000000000037209        170192477882     
0010001300096U 090000000000000000000000000000000000000000000000000000000000000000000000000000000000000000000000000000000000000000000000002601202400000000            000000000000000                              000                           
0010001300097T 0901897X0000000092096 24778822230005276   700000000000527622122023000000000033668001001678000005276                0900000000000000000000000000000000000000000000000000000   000000000000000000000037209        170192477882     
0010001300098U 090000000000000000000000000000000000000000000000000000000000000000000000000000000000000000000000000000000000000000000000002601202400000000            000000000000000                              000                           
0010001300099T 0901897X0000000092096 24778822230005300   700000000000530022122023000000000029155001043036000005300                0900000000000000000000000000000000000000000000000000000   000000000000000000000037209        170192477882     
0010001300100U 090000000000000000000000000000000000000000000000000000000000000000000000000000000000000000000000000000000000000000000000002601202400000000            000000000000000                              000                           
0010001300101T 0901897X0000000092096 24778822230005324   700000000000532422122023000000000042497001022004000005324                0900000000000000000000000000000000000000000000000000000   000000000000000000000037209        170192477882     
0010001300102U 090000000000000000000000000000000000000000000000000000000000000000000000000000000000000000000000000000000000000000000000002601202400000000            000000000000000                              000                           
0010001300103T 0901897X0000000092096 24778822230005336   700000000000533622122023000000000029490001003190000005336                0900000000000000000000000000000000000000000000000000000   000000000000000000000037209        170192477882     
0010001300104U 090000000000000000000000000000000000000000000000000000000000000000000000000000000000000000000000000000000000000000000000002601202400000000            000000000000000                              000                           
0010001300105T 0901897X0000000092096 24778822230005396   700000000000539622122023000000000035132001000566000005396                0900000000000000000000000000000000000000000000000000000   000000000000000000000037209        170192477882     
0010001300106U 090000000000000000000000000000000000000000000000000000000000000000000000000000000000000000000000000000000000000000000000002601202400000000            000000000000000                              000                           
0010001300107T 0901897X0000000092096 24778822230005402   70000000000054022212202300000000007474600100264X000005402                0900000000000000000000000000000000000000000000000000000   000000000000000000000037209        170192477882     
0010001300108U 090000000000000000000000000000000000000000000000000000000000000000000000000000000000000000000000000000000000000000000000002601202400000000            000000000000000                              000                           
0010001300109T 0901897X0000000092096 24778822230005438   700000000000543822122023000000000043907001009903000005438                0900000000000000000000000000000000000000000000000000000   000000000000000000000037209        170192477882     
0010001300110U 090000000000000000000000000000000000000000000000000000000000000000000000000000000000000000000000000000000000000000000000002601202400000000            000000000000000                              000                           
0010001300111T 0901897X0000000092096 24778822230005456   70000000000054562212202300000000004162000101849X000005456                0900000000000000000000000000000000000000000000000000000   000000000000000000000037209        170192477882     
0010001300112U 090000000000000000000000000000000000000000000000000000000000000000000000000000000000000000000000000000000000000000000000002601202400000000            000000000000000                              000                           
0010001300113T 0901897X0000000092096 24778822230005504   700000000000550422122023000000000055323001004154000005504                0900000000000000000000000000000000000000000000000000000   000000000000000000000037209        170192477882     
0010001300114U 090000000000000000000000000000000000000000000000000000000000000000000000000000000000000000000000000000000000000000000000002601202400000000            000000000000000                              000                           
0010001300115T 0901897X0000000092096 24778822230005564   70000000000055642212202300000000003431700101849X000005564                0900000000000000000000000000000000000000000000000000000   000000000000000000000037209        170192477882     
0010001300116U 090000000000000000000000000000000000000000000000000000000000000000000000000000000000000000000000000000000000000000000000002601202400000000            000000000000000                              000                           
0010001300117T 0901897X0000000092096 24778822230005624   70000000000056242212202300000000002195700101849X000005624                0900000000000000000000000000000000000000000000000000000   000000000000000000000037209        170192477882     
0010001300118U 090000000000000000000000000000000000000000000000000000000000000000000000000000000000000000000000000000000000000000000000002601202400000000            000000000000000                              000                           
0010001300119T 0901897X0000000092096 24778822230005654   700000000000565422122023000000000026008001001678000005654                0900000000000000000000000000000000000000000000000000000   000000000000000000000037209        170192477882     
0010001300120U 090000000000000000000000000000000000000000000000000000000000000000000000000000000000000000000000000000000000000000000000002601202400000000            000000000000000                              000                           
0010001300121T 0901897X0000000092096 24778822230005696   700000000000569622122023000000000037650001069833000005696                0900000000000000000000000000000000000000000000000000000   000000000000000000000037209        170192477882     
0010001300122U 090000000000000000000000000000000000000000000000000000000000000000000000000000000000000000000000000000000000000000000000002601202400000000            000000000000000                              000                           
0010001300123T 0901897X0000000092096 24778822230005798   70000000000057982212202300000000006033300101849X000005798                0900000000000000000000000000000000000000000000000000000   000000000000000000000037209        170192477882     
0010001300124U 090000000000000000000000000000000000000000000000000000000000000000000000000000000000000000000000000000000000000000000000002601202400000000            000000000000000                              000                           
0010001300125T 0901897X0000000092096 24778822230005870   700000000000587022122023000000000021470001023248000005870                0900000000000000000000000000000000000000000000000000000   000000000000000000000037209        170192477882     
0010001300126U 090000000000000000000000000000000000000000000000000000000000000000000000000000000000000000000000000000000000000000000000002601202400000000            000000000000000                              000                           
0010001300127T 0901897X0000000092096 24778822230005888   700000000000588822122023000000000022446001009946000005888                0900000000000000000000000000000000000000000000000000000   000000000000000000000037209        170192477882     
0010001300128U 090000000000000000000000000000000000000000000000000000000000000000000000000000000000000000000000000000000000000000000000002601202400000000            000000000000000                              000                           
0010001300129T 0901897X0000000092096 24778822230005948   700000000000594822122023000000000044598001003409000005948                0900000000000000000000000000000000000000000000000000000   000000000000000000000037209        170192477882     
0010001300130U 090000000000000000000000000000000000000000000000000000000000000000000000000000000000000000000000000000000000000000000000002601202400000000            000000000000000                              000                           
0010001300131T 0901897X0000000092096 24778822230005996   700000000000599622122023000000000041719001069833000005996                0900000000000000000000000000000000000000000000000000000   000000000000000000000037209        170192477882     
0010001300132U 090000000000000000000000000000000000000000000000000000000000000000000000000000000000000000000000000000000000000000000000002601202400000000            000000000000000                              000                           
0010001300133T 0901897X0000000092096 24778822230006002   70000000000060022212202300000000016102200101849X000006002                0900000000000000000000000000000000000000000000000000000   000000000000000000000037209        170192477882     
0010001300134U 090000000000000000000000000000000000000000000000000000000000000000000000000000000000000000000000000000000000000000000000002601202400000000            000000000000000                              000                           
0010001300135T 0901897X0000000092096 24778822230006044   700000000000604422122023000000000076012001006831000006044                0900000000000000000000000000000000000000000000000000000   000000000000000000000037209        170192477882     
0010001300136U 090000000000000000000000000000000000000000000000000000000000000000000000000000000000000000000000000000000000000000000000002601202400000000            000000000000000                              000                           
0010001300137T 0901897X0000000092096 24778822230006086   700000000000608622122023000000000112377001045888000006086                0900000000000000000000000000000000000000000000000000000   000000000000000000000037209        170192477882     
0010001300138U 090000000000000000000000000000000000000000000000000000000000000000000000000000000000000000000000000000000000000000000000002601202400000000            000000000000000                              000                           
0010001300139T 0901897X0000000092096 24778822230006104   700000000000610422122023000000000048795001003409000006104                0900000000000000000000000000000000000000000000000000000   000000000000000000000037209        170192477882     
0010001300140U 090000000000000000000000000000000000000000000000000000000000000000000000000000000000000000000000000000000000000000000000002601202400000000            000000000000000                              000                           
0010001300141T 0901897X0000000092096 24778822230006110   700000000000611022122023000000000047549001004561000006110                0900000000000000000000000000000000000000000000000000000   000000000000000000000037209        170192477882     
0010001300142U 090000000000000000000000000000000000000000000000000000000000000000000000000000000000000000000000000000000000000000000000002601202400000000            000000000000000                              000                           
0010001300143T 0901897X0000000092096 24778822230006116   700000000000611622122023000000000029277001009903000006116                0900000000000000000000000000000000000000000000000000000   000000000000000000000037209        170192477882     
0010001300144U 090000000000000000000000000000000000000000000000000000000000000000000000000000000000000000000000000000000000000000000000002601202400000000            000000000000000                              000                           
0010001300145T 0901897X0000000092096 24778822230006146   700000000000614622122023000000000063433001003409000006146                0900000000000000000000000000000000000000000000000000000   000000000000000000000037209        170192477882     
0010001300146U 090000000000000000000000000000000000000000000000000000000000000000000000000000000000000000000000000000000000000000000000002601202400000000            000000000000000                              000                           
0010001300147T 0901897X0000000092096 24778822230006170   70000000000061702212202300000000004879400101849X000006170                0900000000000000000000000000000000000000000000000000000   000000000000000000000037209        170192477882     
0010001300148U 090000000000000000000000000000000000000000000000000000000000000000000000000000000000000000000000000000000000000000000000002601202400000000            000000000000000                              000                           
0010001300149T 0901897X0000000092096 24778822230006182   70000000000061822212202300000000003903600101849X000006182                0900000000000000000000000000000000000000000000000000000   000000000000000000000037209        170192477882     
0010001300150U 090000000000000000000000000000000000000000000000000000000000000000000000000000000000000000000000000000000000000000000000002601202400000000            000000000000000                              000                           
0010001300151T 0901897X0000000092096 24778822230006254   700000000000625422122023000000000021451001026816000006254                0900000000000000000000000000000000000000000000000000000   000000000000000000000037209        170192477882     
0010001300152U 090000000000000000000000000000000000000000000000000000000000000000000000000000000000000000000000000000000000000000000000002601202400000000            000000000000000                              000                           
0010001300153T 0901897X0000000092096 24778822230006308   700000000000630822122023000000000052590001003409000006308                0900000000000000000000000000000000000000000000000000000   000000000000000000000037209        170192477882     
0010001300154U 090000000000000000000000000000000000000000000000000000000000000000000000000000000000000000000000000000000000000000000000002601202400000000            000000000000000                              000                           
0010001300155T 0901897X0000000092096 24778822230006314   700000000000631422122023000000000027140001003409000006314                0900000000000000000000000000000000000000000000000000000   000000000000000000000037209        170192477882     
0010001300156U 090000000000000000000000000000000000000000000000000000000000000000000000000000000000000000000000000000000000000000000000002601202400000000            000000000000000                              000                           
0010001300157T 0901897X0000000092096 24778822230006344   700000000000634422122023000000000021958001003190000006344                0900000000000000000000000000000000000000000000000000000   000000000000000000000037209        170192477882     
0010001300158U 090000000000000000000000000000000000000000000000000000000000000000000000000000000000000000000000000000000000000000000000002601202400000000            000000000000000                              000                           
0010001300159T 0901897X0000000092096 24778822230006356   700000000000635622122023000000000039036001003409000006356                0900000000000000000000000000000000000000000000000000000   000000000000000000000037209        170192477882     
0010001300160U 090000000000000000000000000000000000000000000000000000000000000000000000000000000000000000000000000000000000000000000000002601202400000000            000000000000000                              000                           
0010001300161T 0901897X0000000092096 24778822230006440   700000000000644022122023000000000037743001006831000006440                0900000000000000000000000000000000000000000000000000000   000000000000000000000037209        170192477882     
0010001300162U 090000000000000000000000000000000000000000000000000000000000000000000000000000000000000000000000000000000000000000000000002601202400000000            000000000000000                              000                           
0010001300163T 0901897X0000000092096 24778822230006464   70000000000064642212202300000000006587200101849X000006464                0900000000000000000000000000000000000000000000000000000   000000000000000000000037209        170192477882     
0010001300164U 090000000000000000000000000000000000000000000000000000000000000000000000000000000000000000000000000000000000000000000000002601202400000000            000000000000000                              000                           
0010001300165T 0901897X0000000092096 24778822230006470   700000000000647022122023000000000122669001014753000006470                0900000000000000000000000000000000000000000000000000000   000000000000000000000037209        170192477882     
0010001300166U 090000000000000000000000000000000000000000000000000000000000000000000000000000000000000000000000000000000000000000000000002601202400000000            000000000000000                              000                           
0010001300167T 0901897X0000000092096 24778822230006518   700000000000651822122023000000000073192001001724000006518                0900000000000000000000000000000000000000000000000000000   000000000000000000000037209        170192477882     
0010001300168U 090000000000000000000000000000000000000000000000000000000000000000000000000000000000000000000000000000000000000000000000002601202400000000            000000000000000                              000                           
0010001300169T 0901897X0000000092096 24778822230006530   700000000000653022122023000000001650304001000531000006530                0900000000000000000000000000000000000000000000000000000   000000000000000000000037209        170192477882     
0010001300170U 090000000000000000000000000000000000000000000000000000000000000000000000000000000000000000000000000000000000000000000000002601202400000000            000000000000000                              000                           
0010001300171T 0901897X0000000092096 24778822230006542   700000000000654222122023000000000085390001001724000006542                0900000000000000000000000000000000000000000000000000000   000000000000000000000037209        170192477882     
0010001300172U 090000000000000000000000000000000000000000000000000000000000000000000000000000000000000000000000000000000000000000000000002601202400000000            000000000000000                              000                           
0010001300173T 0901897X0000000092096 24778822230006662   700000000000666222122023000000000032568001000566000006662                0900000000000000000000000000000000000000000000000000000   000000000000000000000037209        170192477882     
0010001300174U 090000000000000000000000000000000000000000000000000000000000000000000000000000000000000000000000000000000000000000000000002601202400000000            000000000000000                              000                           
0010001300175T 0901897X0000000092096 24778822230006698   700000000000669822122023000000000104811001022004000006698                0900000000000000000000000000000000000000000000000000000   000000000000000000000037209        170192477882     
0010001300176U 090000000000000000000000000000000000000000000000000000000000000000000000000000000000000000000000000000000000000000000000002601202400000000            000000000000000                              000                           
0010001300177T 0901897X0000000092096 24778822230006806   700000000000680622122023000000000044853001003409000006806                0900000000000000000000000000000000000000000000000000000   000000000000000000000037209        170192477882     
0010001300178U 090000000000000000000000000000000000000000000000000000000000000000000000000000000000000000000000000000000000000000000000002601202400000000            000000000000000                              000                           
0010001300179T 0901897X0000000092096 24778822230006812   70000000000068122212202300000000002071600101849X000006812                0900000000000000000000000000000000000000000000000000000   000000000000000000000037209        170192477882     
0010001300180U 090000000000000000000000000000000000000000000000000000000000000000000000000000000000000000000000000000000000000000000000002601202400000000            000000000000000                              000                           
0010001300181T 0901897X0000000092096 24778822230006842   700000000000684222122023000000000037303001003190000006842                0900000000000000000000000000000000000000000000000000000   000000000000000000000037209        170192477882     
0010001300182U 090000000000000000000000000000000000000000000000000000000000000000000000000000000000000000000000000000000000000000000000002601202400000000            000000000000000                              000                           
0010001300183T 0901897X0000000092096 24778822230006848   700000000000684822122023000000000022836001008117000006848                0900000000000000000000000000000000000000000000000000000   000000000000000000000037209        170192477882     
0010001300184U 090000000000000000000000000000000000000000000000000000000000000000000000000000000000000000000000000000000000000000000000002601202400000000            000000000000000                              000                           
0010001300185T 0901897X0000000092096 24778822230006854   700000000000685422122023000000000035962001004561000006854                0900000000000000000000000000000000000000000000000000000   000000000000000000000037209        170192477882     
0010001300186U 090000000000000000000000000000000000000000000000000000000000000000000000000000000000000000000000000000000000000000000000002601202400000000            000000000000000                              000                           
0010001300187T 0901897X0000000092096 24778822230006890   700000000000689022122023000000000022528001008117000006890                0900000000000000000000000000000000000000000000000000000   000000000000000000000037209        170192477882     
0010001300188U 090000000000000000000000000000000000000000000000000000000000000000000000000000000000000000000000000000000000000000000000002601202400000000            000000000000000                              000                           
0010001300189T 0901897X0000000092096 24778822230006938   700000000000693822122023000000000195178001003018000006938                0900000000000000000000000000000000000000000000000000000   000000000000000000000037209        170192477882     
0010001300190U 090000000000000000000000000000000000000000000000000000000000000000000000000000000000000000000000000000000000000000000000002601202400000000            000000000000000                              000                           
0010001300191T 0901897X0000000092096 24778822230007004   700000000000700422122023000000000039036001026565000007004                0900000000000000000000000000000000000000000000000000000   000000000000000000000037209        170192477882     
0010001300192U 090000000000000000000000000000000000000000000000000000000000000000000000000000000000000000000000000000000000000000000000002601202400000000            000000000000000                              000                           
0010001300193T 0901897X0000000092096 24778822230007034   700000000000703422122023000000000078071001004154000007034                0900000000000000000000000000000000000000000000000000000   000000000000000000000037209        170192477882     
0010001300194U 090000000000000000000000000000000000000000000000000000000000000000000000000000000000000000000000000000000000000000000000002601202400000000            000000000000000                              000                           
0010001300195T 0901897X0000000092096 24778822230007160   700000000000716022122023000000000106626001014753000007160                0900000000000000000000000000000000000000000000000000000   000000000000000000000037209        170192477882     
0010001300196U 090000000000000000000000000000000000000000000000000000000000000000000000000000000000000000000000000000000000000000000000002601202400000000            000000000000000                              000                           
0010001300197T 0901897X0000000092096 24778822230007172   700000000000717222122023000000000022660001001678000007172                0900000000000000000000000000000000000000000000000000000   000000000000000000000037209        170192477882     
0010001300198U 090000000000000000000000000000000000000000000000000000000000000000000000000000000000000000000000000000000000000000000000002601202400000000            000000000000000                              000                           
0010001300199T 0901897X0000000092096 24778822230007190   700000000000719022122023000000000068312001003549000007190                0900000000000000000000000000000000000000000000000000000   000000000000000000000037209        170192477882     
0010001300200U 090000000000000000000000000000000000000000000000000000000000000000000000000000000000000000000000000000000000000000000000002601202400000000            000000000000000                              000                           
0010001300201T 0901897X0000000092096 24778822230007232   700000000000723222122023000000000023421001003409000007232                0900000000000000000000000000000000000000000000000000000   000000000000000000000037209        170192477882     
0010001300202U 090000000000000000000000000000000000000000000000000000000000000000000000000000000000000000000000000000000000000000000000002601202400000000            000000000000000                              000                           
0010001300203T 0901897X0000000092096 24778829000007791   7000007791      22122023000000000056596001014753000007791                0900000000000000000000000000000000000000000000000000000   000000000000000000000037209        170192477882     
0010001300204U 090000000000000000000000000000000000000000000000000000000000000000000000000000000000000000000000000000000000000000000000002601202400000000            000000000000000                              000                           
0010001300205T 0901897X0000000092096 24778829000007859   7000007859      22122023000000000063537001001724000007859                0900000000000000000000000000000000000000000000000000000   000000000000000000000037209        170192477882     
0010001300206U 090000000000000000000000000000000000000000000000000000000000000000000000000000000000000000000000000000000000000000000000002601202400000000            000000000000000                              000                           
0010001300207T 0901897X0000000092096 24778829000007869   7000007869      2212202300000000003347000101849X000007869                0900000000000000000000000000000000000000000000000000000   000000000000000000000037209        170192477882     
0010001300208U 090000000000000000000000000000000000000000000000000000000000000000000000000000000000000000000000000000000000000000000000002601202400000000            000000000000000                              000                           
0010001300209T 0901897X0000000092096 24778829000007879   7000007879      22122023000000000031380001003409000007879                0900000000000000000000000000000000000000000000000000000   000000000000000000000037209        170192477882     
0010001300210U 090000000000000000000000000000000000000000000000000000000000000000000000000000000000000000000000000000000000000000000000002601202400000000            000000000000000                              000                           
0010001300211T 0901897X0000000092096 24778829000007880   7000007880      22122023000000000027281001008117000007880                0900000000000000000000000000000000000000000000000000000   000000000000000000000037209        170192477882     
0010001300212U 090000000000000000000000000000000000000000000000000000000000000000000000000000000000000000000000000000000000000000000000002601202400000000            000000000000000                              000                           
0010001300213T 0901897X0000000092096 24778829000007883   7000007883      22122023000000000029717001007994000007883                0900000000000000000000000000000000000000000000000000000   000000000000000000000037209        170192477882     
0010001300214U 090000000000000000000000000000000000000000000000000000000000000000000000000000000000000000000000000000000000000000000000002601202400000000            000000000000000                              000                           
0010001300215T 0901897X0000000092096 24778829000007885   7000007885      22122023000000000032843001008117000007885                0900000000000000000000000000000000000000000000000000000   000000000000000000000037209        170192477882     
0010001300216U 090000000000000000000000000000000000000000000000000000000000000000000000000000000000000000000000000000000000000000000000002601202400000000            000000000000000                              000                           
0010001300217T 0901897X0000000092096 24778829000007890   7000007890      2212202300000000050213800101849X000007890                0900000000000000000000000000000000000000000000000000000   000000000000000000000037209        170192477882     
0010001300218U 090000000000000000000000000000000000000000000000000000000000000000000000000000000000000000000000000000000000000000000000002601202400000000            000000000000000                              000                           
0010001300219T 0901897X0000000092096 24778829000007917   7000007917      22122023000000000025109001004561000007917                0900000000000000000000000000000000000000000000000000000   000000000000000000000037209        170192477882     
0010001300220U 090000000000000000000000000000000000000000000000000000000000000000000000000000000000000000000000000000000000000000000000002601202400000000            000000000000000                              000                           
0010001300221T 0901897X0000000092096 24778829000007961   7000007961      22122023000000000024303001003190000007961                0900000000000000000000000000000000000000000000000000000   000000000000000000000037209        170192477882     
0010001300222U 090000000000000000000000000000000000000000000000000000000000000000000000000000000000000000000000000000000000000000000000002601202400000000            000000000000000                              000                           
0010001300223T 0901897X0000000092096 24778829000007968   7000007968      22122023000000000018573001009946000007968                0900000000000000000000000000000000000000000000000000000   000000000000000000000037209        170192477882     
0010001300224U 090000000000000000000000000000000000000000000000000000000000000000000000000000000000000000000000000000000000000000000000002601202400000000            000000000000000                              000                           
00100015         000226000051000000001957666780000000000000000000000000000000000000000000000000000000000000000000000000000000000000000000000000000                                                                                              
00199999         000001000228000000                                                                                                                                                            00000000000000000000000000000                    
