00100000         2115139610001160024778820014       01897X0000000092096 FUNDACAO AGENCIA DAS BACIAS HIBANCO DO BRASIL                         20412202401521200586303000000829973081PROCESSAMEN                                                 
00100011T0100020 20115139610001160024778820014       01897X0000000092096 FUNDACAO AGENCIA DAS BACIAS HI                                                                                000000000412202400000000  000000000                      
0010001300001T 0201897X0000000092096 24778829000008440   7000008440      31122024000000000015433001069833000008440                0900000000000010500000000000000000000000000000000000000   0000000000000000000000496A9A4      170192477882     
0010001300002U 020000000000000000000000000000000000000000000000000000000000000000000000000000000000000000000000000000000000000000000000000412202400000000            000000000000000                              000                           
0010001300003T 0201897X0000000092096 24778829000008441   7000008441      3112202400000000012332800100216X000008441                0900000000000010000000000000000000000000000000000000000   0000000000000000000000496A9        170192477882     
0010001300004U 020000000000000000000000000000000000000000000000000000000000000000000000000000000000000000000000000000000000000000000000000412202400000000            000000000000000                              000                           
0010001300005T 0201897X0000000092096 24778829000008442   7000008442      31122024000000000557777001003549000008442                0900000000000010500000000000000000000000000000000000000   0000000000000000000000496A9A4      170192477882     
0010001300006U 020000000000000000000000000000000000000000000000000000000000000000000000000000000000000000000000000000000000000000000000000412202400000000            000000000000000                              000                           
0010001300007T 0201897X0000000092096 24778829000008443   7000008443      31122024000000000351001001003018000008443                0900000000000010500000000000000000000000000000000000000   0000000000000000000000496A9A4      170192477882     
0010001300008U 020000000000000000000000000000000000000000000000000000000000000000000000000000000000000000000000000000000000000000000000000412202400000000            000000000000000                              000                           
0010001300009T 0601897X0000000092096 24778822400004077   700000000000407719122024000000000056308341081470000004077                0900000000000010100000000000000000000000000000000000000   000000000000000000000000004        170192477882     
0010001300010U 060000000000000000000000000000000000000000000000000000000000000000000000563080000000000563080000000000000000000000000000000412202405122024            000000000000000                              000                           
0010001300011T 0601897X0000000092096 24778822400004169   700000000000416919122024000000000053040104030800000004169                0900000000000010100000000000000000000000000000000000000   000000000000000000000000004        170192477882     
0010001300012U 060000000000000000000000000000000000000000000000000000000000000000000000530400000000000530400000000000000000000000000000000412202405122024            000000000000000                              000                           
0010001300013T 0601897X0000000092096 24778822400004305   700000000000430519122024000000000047575033003920000004305                0900000000000010100000000000000000000000000000000000000   000000000000000000000000004        170192477882     
0010001300014U 060000000000000000000000000000000000000000000000000000000000000000000000475750000000000475750000000000000000000000000000000412202405122024            000000000000000                              000                           
0010001300015T 0601897X0000000092096 24778822400004829   700000000000482919122024000000000034254341000280000004829                0900000000000010100000000000000000000000000000000000000   000000000000000000000000004        170192477882     
0010001300016U 060000000000000000000000000000000000000000000000000000000000000000000000342540000000000342540000000000000000000000000000000412202405122024            000000000000000                              000                           
0010001300017T 0601897X0000000092096 24778822400005757   700000000000575719122024000000000021176748053430000005757                0900000000000010100000000000000000000000000000000000000   000000000000000000000000004        170192477882     
0010001300018U 060000000000000000000000000000000000000000000000000000000000000000000000211760000000000211760000000000000000000000000000000412202405122024            000000000000000                              000                           
00100015         000020001608000000005945224570000000000000000000000000000000000000000000000000000000000000000000000000000000000000000000000000000                                                                                              
00199999         000001000022000000                                                                                                                                                            00000000000000000000000000000                    
