00100000         2115139610001160024778820014       01897X0000000092096 FUNDACAO AGENCIA DAS BACIAS HIBANCO DO BRASIL                         21212202402015300587503000000829973081PROCESSAMEN                                                 
00100011T0100020 20115139610001160024778820014       01897X0000000092096 FUNDACAO AGENCIA DAS BACIAS HI                                                                                000000001212202400000000  000000000                      
0010001300001T 0201897X0000000092096 24778829000008454   7000008454      19122024000000000386634001043036000008454                0900000000000010000000000000000000000000000000000000000   0000000000000000000000496A9        170192477882     
0010001300002U 020000000000000000000000000000000000000000000000000000000000000000000000000000000000000000000000000000000000000000000000001212202400000000            000000000000000                              000                           
0010001300003T 0601897X0000000092096 24778822400003281   700000000000328119122024000000000102779033001780000003281                0900000000000010100000000000000000000000000000000000000   000000000000000000000000004        170192477882     
0010001300004U 060000000000000000000000000000000000000000000000000000000000000000000001027790000000001027790000000000000000000000000000001212202413122024            000000000000000                              000                           
0010001300005T 0601897X0000000092096 24778822400003865   700000000000386519122024000000000063184033013190000003865                0900000000000010100000000000000000000000000000000000000   000000000000000000000000004        170192477882     
0010001300006U 060000000000000000000000000000000000000000000000000000000000000000000000631840000000000631840000000000000000000000000000001212202413122024            000000000000000                              000                           
0010001300007T 0601897X0000000092096 24778822400003921   700000000000392119122024000000000059871033005750000003921                0900000000000010100000000000000000000000000000000000000   000000000000000000000000004        170192477882     
0010001300008U 060000000000000000000000000000000000000000000000000000000000000000000000598710000000000598710000000000000000000000000000001212202413122024            000000000000000                              000                           
0010001300009T 0601897X0000000092096 24778822400004009   700000000000400919122024000000000057989001065072000004009                0900000000000010040000000000000000000000000000000000000   000000000000000000000000034        170192477882     
0010001300010U 060000000000000000000000000000000000000000000000000000000000000000000000579890000000000579890000000000000000000000000000001212202413122024            000000000000000                              000                           
0010001300011T 0601897X0000000092096 24778822400004229   700000000000422919122024000000000051234756038430000004229                0900000000000010100000000000000000000000000000000000000   000000000000000000000000004        170192477882     
0010001300012U 060000000000000000000000000000000000000000000000000000000000000000000000512340000000000512340000000000000000000000000000001212202413122024            000000000000000                              000                           
0010001300013T 0601897X0000000092096 24778822400004425   700000000000442519122024000000000043850033000900000004425                0900000000000010100000000000000000000000000000000000000   000000000000000000000000004        170192477882     
0010001300014U 060000000000000000000000000000000000000000000000000000000000000000000000438500000000000438500000000000000000000000000000001212202413122024            000000000000000                              000                           
0010001300015T 0601897X0000000092096 24778822400005029   700000000000502919122024000000000031619033035840000005029                0900000000000010100000000000000000000000000000000000000   000000000000000000000000004        170192477882     
0010001300016U 060000000000000000000000000000000000000000000000000000000000000000000000316190000000000316190000000000000000000000000000001212202413122024            000000000000000                              000                           
0010001300017T 0601897X0000000092096 24778822400005341   700000000000534119122024000000000026245001014753000005341                0900000000000010040000000000000000000000000000000000000   000000000000000000000000034        170192477882     
0010001300018U 060000000000000000000000000000000000000000000000000000000000000000000000262450000000000262450000000000000000000000000000001212202413122024            000000000000000                              000                           
0010001300019T 0601897X0000000092096 24778822400005621   700000000000562119122024000000000021958237002150000005621                0900000000000010100000000000000000000000000000000000000   000000000000000000000000004        170192477882     
0010001300020U 060000000000000000000000000000000000000000000000000000000000000000000000219580000000000219580000000000000000000000000000001212202413122024            000000000000000                              000                           
0010001300021T 1401897X0000000092096 24778822400002105   700000000000210526122024000000003076170001014753000002105                0900000000000000000000000000000000000000000000000000000   000000000000000000000000000        170192477882     
0010001300022U 140000000000000000000000000000000000000000000000000000000000000000000000000000000000000000000000000000000000000000000000001212202400000000            000000000000000                              000                           
00100015         000024001190000000005486375410000000000000000000000000000000000000000000000000000000000000000000000000000000000000000000000000000                                                                                              
00199999         000001000026000000                                                                                                                                                            00000000000000000000000000000                    
