00100000         2115139610001160024778820014       01897X0000000092096 FUNDACAO AGENCIA DAS BACIAS HIBANCO DO BRASIL                         22905202402034000563003000000829973081PROCESSAMEN                                                 
00100011T0100020 20115139610001160024778820014       01897X0000000092096 FUNDACAO AGENCIA DAS BACIAS HI                                                                                000000002905202400000000  000000000                      
0010001300001T 0601897X0000000092096 24778829000007897   7000007897      31052024000000022041723001069779000007897                0900000000000010040000000000000000000000000000000000000   000000000000000000000000034        170192477882     
0010001300002U 060000000000000000000000000000000000000000000000000000000000000000000220417230000000220417230000000000000000000000000000002905202431052024            000000000000000                              000                           
0010001300003T 0601897X0000000092096 24778829000007905   7000007905      31052024000000008000000104003410000007905                0900000000000010100000000000000000000000000000000000000   000000000000000000000000004        170192477882     
0010001300004U 060000000000000000000000000000000000000000000000000000000000000000000080000000000000080000000000000000000000000000000000002905202431052024            000000000000000                              000                           
0010001300005T 0601897X0000000092096 24778829000007926   7000007926      31052024000000000191290655000010000007926                0900000000000010100000000000000000000000000000000000000   000000000000000000000000004        170192477882     
0010001300006U 060000000000000000000000000000000000000000000000000000000000000000000001912900000000001912900000000000000000000000000000002905202431052024            000000000000000                              000                           
0010001300007T 0601897X0000000092096 24778829000008006   7000008006      29052024000000001970464104019380000008006                0900000000000010100000000000000000000000000000000000000   000000000000000000000000004        170192477882     
0010001300008U 060000000000000000000000000000000000000000000000000000000000000000000019704640000000019704640000000000000000000000000000002905202431052024            000000000000000                              000                           
0010001300009T 0601897X0000000092096 24778829000008087   7000008087      31052024000000000218613341074680000008087                0900000000000010100000000000000000000000000000000000000   000000000000000000000000004        170192477882     
0010001300010U 060000000000000000000000000000000000000000000000000000000000000000000002186130000000002186130000000000000000000000000000002905202431052024            000000000000000                              000                           
00100015         000012000029000000000347324980000000000000000000000000000000000000000000000000000000000000000000000000000000000000000000000000000                                                                                              
00199999         000001000014000000                                                                                                                                                            00000000000000000000000000000                    
