00100000         2115139610001160024778820014       01897X0000000092096 FUNDACAO AGENCIA DAS BACIAS HIBANCO DO BRASIL                         21510202402041400579503000000829973081PROCESSAMEN                                                 
00100011T0100020 20115139610001160024778820014       01897X0000000092096 FUNDACAO AGENCIA DAS BACIAS HI                                                                                000000001510202400000000  000000000                      
0010001300001T 0201897X0000000092096 24778829000008298   7000008298      31102024000000000053035001001724000008298                0900000000000010500000000000000000000000000000000000000   0000000000000000000000496A9A4      170192477882     
0010001300002U 020000000000000000000000000000000000000000000000000000000000000000000000000000000000000000000000000000000000000000000000001510202400000000            000000000000000                              000                           
0010001300003T 0201897X0000000092096 24778829000008299   7000008299      29112024000000000053035001001724000008299                0900000000000010500000000000000000000000000000000000000   0000000000000000000000496A9A4      170192477882     
0010001300004U 020000000000000000000000000000000000000000000000000000000000000000000000000000000000000000000000000000000000000000000000001510202400000000            000000000000000                              000                           
0010001300005T 0201897X0000000092096 24778829000008300   7000008300      31122024000000000053035001001724000008300                0900000000000010500000000000000000000000000000000000000   0000000000000000000000496A9A4      170192477882     
0010001300006U 020000000000000000000000000000000000000000000000000000000000000000000000000000000000000000000000000000000000000000000000001510202400000000            000000000000000                              000                           
0010001300007T 0201897X0000000092096 24778829000008301   7000008301      31012025000000000053035001001724000008301                0900000000000010500000000000000000000000000000000000000   0000000000000000000000496A9A4      170192477882     
0010001300008U 020000000000000000000000000000000000000000000000000000000000000000000000000000000000000000000000000000000000000000000000001510202400000000            000000000000000                              000                           
0010001300009T 0201897X0000000092096 24778829000008302   7000008302      28022025000000000053035001001724000008302                0900000000000010500000000000000000000000000000000000000   0000000000000000000000496A9A4      170192477882     
0010001300010U 020000000000000000000000000000000000000000000000000000000000000000000000000000000000000000000000000000000000000000000000001510202400000000            000000000000000                              000                           
0010001300011T 0201897X0000000092096 24778829000008303   7000008303      31032025000000000053035001001724000008303                0900000000000010500000000000000000000000000000000000000   0000000000000000000000496A9A4      170192477882     
0010001300012U 020000000000000000000000000000000000000000000000000000000000000000000000000000000000000000000000000000000000000000000000001510202400000000            000000000000000                              000                           
0010001300013T 0201897X0000000092096 24778829000008304   7000008304      30042025000000000053035001001724000008304                0900000000000010500000000000000000000000000000000000000   0000000000000000000000496A9A4      170192477882     
0010001300014U 020000000000000000000000000000000000000000000000000000000000000000000000000000000000000000000000000000000000000000000000001510202400000000            000000000000000                              000                           
0010001300015T 0201897X0000000092096 24778829000008305   7000008305      30052025000000000053035001001724000008305                0900000000000010500000000000000000000000000000000000000   0000000000000000000000496A9A4      170192477882     
0010001300016U 020000000000000000000000000000000000000000000000000000000000000000000000000000000000000000000000000000000000000000000000001510202400000000            000000000000000                              000                           
0010001300017T 0201897X0000000092096 24778829000008306   7000008306      30062025000000000053035001001724000008306                0900000000000010500000000000000000000000000000000000000   0000000000000000000000496A9A4      170192477882     
0010001300018U 020000000000000000000000000000000000000000000000000000000000000000000000000000000000000000000000000000000000000000000000001510202400000000            000000000000000                              000                           
0010001300019T 0201897X0000000092096 24778829000008307   7000008307      31072025000000000053035001001724000008307                0900000000000010500000000000000000000000000000000000000   0000000000000000000000496A9A4      170192477882     
0010001300020U 020000000000000000000000000000000000000000000000000000000000000000000000000000000000000000000000000000000000000000000000001510202400000000            000000000000000                              000                           
0010001300021T 0601897X0000000092096 24778822400000141   700000000000014115102024000000000101446237033970000000141                0900000000000010100000000000000000000000000000000000000   000000000000000000000000004        170192477882     
0010001300022U 060000000000000000000000000000000000000000000000000000000000000000000001014460000000001014460000000000000000000000000000001510202416102024            000000000000000                              000                           
0010001300023T 0601897X0000000092096 24778822400000420   700000000000042015102024000000000032065329000010000000420                0900000000000010100000000000000000000000000000000000000   000000000000000000000000004        170192477882     
0010001300024U 060000000000000000000000000000000000000000000000000000000000000000000000320650000000000320650000000000000000000000000000001510202416102024            000000000000000                              000                           
0010001300025T 0601897X0000000092096 24778822400000546   700000000000054630092024000000000028105033030640000000546                0900000000000010100000000000000000000000000000000000000   000000000000000000000000004        170192477882     
0010001300026U 060000000000007020000000000000000000000000000000000000000000000000000000288070000000000288070000000000000000000000000000001510202416102024            000000000000000                              000                           
0010001300027T 0601897X0000000092096 24778822400000747   700000000000074715102024000000000021882237033720000000747                0900000000000010100000000000000000000000000000000000000   000000000000000000000000004        170192477882     
0010001300028U 060000000000000000000000000000000000000000000000000000000000000000000000218820000000000218820000000000000000000000000000001510202416102024            000000000000000                              000                           
0010001300029T 0601897X0000000092096 24778822400001181   700000000000118130092024000000000025860341000500000001181                0900000000000010100000000000000000000000000000000000000   000000000000000000000000004        170192477882     
0010001300030U 060000000000006460000000000000000000000000000000000000000000000000000000265060000000000265060000000000000000000000000000001510202416102024            000000000000000                              000                           
0010001300031T 0601897X0000000092096 24778822400001466   700000000000146631102024000000000020669237002150000001466                0900000000000010100000000000000000000000000000000000000   000000000000000000000000004        170192477882     
0010001300032U 060000000000000000000000000000000000000000000000000000000000000000000000206690000000000206690000000000000000000000000000001510202416102024            000000000000000                              000                           
0010001300033T 0601897X0000000092096 24778822400001546   700000000000154631102024000000000025790341000550000001546                0900000000000010100000000000000000000000000000000000000   000000000000000000000000004        170192477882     
0010001300034U 060000000000000000000000000000000000000000000000000000000000000000000000257900000000000257900000000000000000000000000000001510202416102024            000000000000000                              000                           
0010001300035T 0601897X0000000092096 24778822400002451   700000000000245131102024000000000323746237003330000002451                0900000000000010100000000000000000000000000000000000000   000000000000000000000000004        170192477882     
0010001300036U 060000000000000000000000000000000000000000000000000000000000000000000003237460000000003237460000000000000000000000000000001510202416102024            000000000000000                              000                           
0010001300037T 0601897X0000000092096 24778822400002626   700000000000262615102024000000000219257341001360000002626                0900000000000010100000000000000000000000000000000000000   000000000000000000000000004        170192477882     
0010001300038U 060000000000000000000000000000000000000000000000000000000000000000000002192570000000002192570000000000000000000000000000001510202416102024            000000000000000                              000                           
0010001300039T 0601897X0000000092096 24778822400002786   700000000000278615102024000000000170461341000280000002786                0900000000000010100000000000000000000000000000000000000   000000000000000000000000004        170192477882     
0010001300040U 060000000000000000000000000000000000000000000000000000000000000000000001704610000000001704610000000000000000000000000000001510202416102024            000000000000000                              000                           
0010001300041T 0601897X0000000092096 24778822400002946   700000000000294630092024000000000142627001026565000002946                0900000000000010040000000000000000000000000000000000000   000000000000000000000000034        170192477882     
0010001300042U 060000000000035640000000000000000000000000000000000000000000000000000001461910000000001461910000000000000000000000000000001510202416102024            000000000000000                              000                           
0010001300043T 0601897X0000000092096 24778822400003167   700000000000316731102024000000000112147237006050000003167                0900000000000010100000000000000000000000000000000000000   000000000000000000000000004        170192477882     
0010001300044U 060000000000000000000000000000000000000000000000000000000000000000000001121470000000001121470000000000000000000000000000001510202416102024            000000000000000                              000                           
0010001300045T 0601897X0000000092096 24778822400003611   700000000000361131102024000000000073192033000900000003611                0900000000000010100000000000000000000000000000000000000   000000000000000000000000004        170192477882     
0010001300046U 060000000000000000000000000000000000000000000000000000000000000000000000731920000000000731920000000000000000000000000000001510202416102024            000000000000000                              000                           
0010001300047T 0601897X0000000092096 24778822400003631   700000000000363131102024000000000073008033042040000003631                0900000000000010100000000000000000000000000000000000000   000000000000000000000000004        170192477882     
0010001300048U 060000000000000000000000000000000000000000000000000000000000000000000000730080000000000730080000000000000000000000000000001510202416102024            000000000000000                              000                           
0010001300049T 0601897X0000000092096 24778822400003863   700000000000386331102024000000000063184033013190000003863                0900000000000010100000000000000000000000000000000000000   000000000000000000000000004        170192477882     
0010001300050U 060000000000000000000000000000000000000000000000000000000000000000000000631840000000000631840000000000000000000000000000001510202416102024            000000000000000                              000                           
0010001300051T 0601897X0000000092096 24778822400005298   700000000000529815102024000000000026926341014460000005298                0900000000000010100000000000000000000000000000000000000   000000000000000000000000004        170192477882     
0010001300052U 060000000000000000000000000000000000000000000000000000000000000000000000269260000000000269260000000000000000000000000000001510202416102024            000000000000000                              000                           
0010001300053T 0601897X0000000092096 24778822400005759   700000000000575931102024000000000021105341000190000005759                0900000000000010100000000000000000000000000000000000000   000000000000000000000000004        170192477882     
0010001300054U 060000000000000000000000000000000000000000000000000000000000000000000000211050000000000211050000000000000000000000000000001510202416102024            000000000000000                              000                           
0010001300055T 0901897X0000000092096 24778822400005254   700000000000525430092024000000000027665001014753000005254                0900000000000000000000000000000000000000000000000000000   000000000000000000000037210        170192477882     
0010001300056U 090000000000000000000000000000000000000000000000000000000000000000000000000000000000000000000000000000000000000000000000001510202400000000            000000000000000                              000                           
0010001300057T 0901897X0000000092096 24778822400005255   700000000000525531102024000000000027667001014753000005255                0900000000000000000000000000000000000000000000000000000   000000000000000000000037210        170192477882     
0010001300058U 090000000000000000000000000000000000000000000000000000000000000000000000000000000000000000000000000000000000000000000000001510202400000000            000000000000000                              000                           
0010001300059T 0901897X0000000092096 24778822400005256   700000000000525629112024000000000027667001014753000005256                0900000000000000000000000000000000000000000000000000000   000000000000000000000037210        170192477882     
0010001300060U 090000000000000000000000000000000000000000000000000000000000000000000000000000000000000000000000000000000000000000000000001510202400000000            000000000000000                              000                           
0010001300061T 0901897X0000000092096 24778822400005257   700000000000525719122024000000000027667001014753000005257                0900000000000000000000000000000000000000000000000000000   000000000000000000000037210        170192477882     
0010001300062U 090000000000000000000000000000000000000000000000000000000000000000000000000000000000000000000000000000000000000000000000001510202400000000            000000000000000                              000                           
00100015         000064004166000000015335294300000000000000000000000000000000000000000000000000000000000000000000000000000000000000000000000000000                                                                                              
00199999         000001000066000000                                                                                                                                                            00000000000000000000000000000                    
