00100000         2115139610001160024778820014       01897X0000000092096 FUNDACAO AGENCIA DAS BACIAS HIBANCO DO BRASIL                         21508202402380800570903000000829973081PROCESSAMEN                                                 
00100011T0100020 20115139610001160024778820014       01897X0000000092096 FUNDACAO AGENCIA DAS BACIAS HI                                                                                000000001508202400000000  000000000                      
0010001300001T 0201897X0000000092096 24778829000008151   7000008151      30082024000000000064029001006998000008151                0900000000000010500000000000000000000000000000000000000   0000000000000000000000496A9A4      170192477882     
0010001300002U 020000000000000000000000000000000000000000000000000000000000000000000000000000000000000000000000000000000000000000000000001508202400000000            000000000000000                              000                           
0010001300003T 0201897X0000000092096 24778829000008152   7000008152      30082024000000000064400001007994000008152                0900000000000010000000000000000000000000000000000000000   0000000000000000000000496A9        170192477882     
0010001300004U 020000000000000000000000000000000000000000000000000000000000000000000000000000000000000000000000000000000000000000000000001508202400000000            000000000000000                              000                           
0010001300005T 0601897X0000000092096 24778829000008143   7000008143      30082024000000000085809748015600000008143                0900000000000010100000000000000000000000000000000000000   000000000000000000000000004        170192477882     
0010001300006U 060000000000000000000000000000000000000000000000000000000000000000000000858090000000000858090000000000000000000000000000001508202416082024            000000000000000                              000                           
00100015         000008000062000000000579989380000000000000000000000000000000000000000000000000000000000000000000000000000000000000000000000000000                                                                                              
00199999         000001000010000000                                                                                                                                                            00000000000000000000000000000                    
