00100000         2115139610001160024778820014       01897X0000000092096 FUNDACAO AGENCIA DAS BACIAS HIBANCO DO BRASIL                         21201202401241100548703000000829973081PROCESSAMEN                                                 
00100011T0100020 20115139610001160024778820014       01897X0000000092096 FUNDACAO AGENCIA DAS BACIAS HI                                                                                000000001201202400000000  000000000                      
0010001300001T 0201897X0000000092096 24778829000008016   7000008016      31012024000000000152319001003409000008016                0900000000000010000000000000000000000000000000000000000   0000000000000000000000496A9        170192477882     
0010001300002U 020000000000000000000000000000000000000000000000000000000000000000000000000000000000000000000000000000000000000000000000001201202400000000            000000000000000                              000                           
0010001300003T 0601897X0000000092096 24778829000008000   7000008000      31012024000000000033171033031960000008000                0900000000000010100000000000000000000000000000000000000   000000000000000000000000004        170192477882     
0010001300004U 060000000000000000000000000000000000000000000000000000000000000000000000331710000000000331710000000000000000000000000000001201202415012024            000000000000000                              000                           
0010001300005T 0601897X0000000092096 24778829000008001   7000008001      31012024000000000027553341000090000008001                0900000000000010100000000000000000000000000000000000000   000000000000000000000000004        170192477882     
0010001300006U 060000000000000000000000000000000000000000000000000000000000000000000000275530000000000275530000000000000000000000000000001201202415012024            000000000000000                              000                           
00100015         000008000156000000002092687780000000000000000000000000000000000000000000000000000000000000000000000000000000000000000000000000000                                                                                              
00199999         000001000010000000                                                                                                                                                            00000000000000000000000000000                    
