00100000         2115139610001160024778820014       01897X0000000092096 FUNDACAO AGENCIA DAS BACIAS HIBANCO DO BRASIL                         23107202402084300568903000000829973081PROCESSAMEN                                                 
00100011T0100020 20115139610001160024778820014       01897X0000000092096 FUNDACAO AGENCIA DAS BACIAS HI                                                                                000000003107202400000000  000000000                      
0010001300001T 0601897X0000000092096 24778829000007928   7000007928      31072024000000000191290655000010000007928                0900000000000010100000000000000000000000000000000000000   000000000000000000000000004        170192477882     
0010001300002U 060000000000000000000000000000000000000000000000000000000000000000000001912900000000001912900000000000000000000000000000003107202401082024            000000000000000                              000                           
0010001300003T 0601897X0000000092096 24778829000008094   7000008094      31072024000000008000000104003410000008094                0900000000000010100000000000000000000000000000000000000   000000000000000000000000004        170192477882     
0010001300004U 060000000000000000000000000000000000000000000000000000000000000000000080000000000000080000000000000000000000000000000000003107202401082024            000000000000000                              000                           
0010001300005T 0601897X0000000092096 24778829000008100   7000008100      31072024000000001970464104019380000008100                0900000000000010100000000000000000000000000000000000000   000000000000000000000000004        170192477882     
0010001300006U 060000000000000000000000000000000000000000000000000000000000000000000019704640000000019704640000000000000000000000000000003107202401082024            000000000000000                              000                           
0010001300007T 0601897X0000000092096 24778829000008108   7000008108      31072024000000000017565104002780000008108                0900000000000010100000000000000000000000000000000000000   000000000000000000000000004        170192477882     
0010001300008U 060000000000000000000000000000000000000000000000000000000000000000000000175650000000000175650000000000000000000000000000003107202401082024            000000000000000                              000                           
00100015         000010000041000000000548284110000000000000000000000000000000000000000000000000000000000000000000000000000000000000000000000000000                                                                                              
00199999         000001000012000000                                                                                                                                                            00000000000000000000000000000                    
