00100000         2115139610001160024778820014       01897X0000000092096 FUNDACAO AGENCIA DAS BACIAS HIBANCO DO BRASIL                         22709202401594400577103000000829973081PROCESSAMEN                                                 
00100011T0100020 20115139610001160024778820014       01897X0000000092096 FUNDACAO AGENCIA DAS BACIAS HI                                                                                000000002709202400000000  000000000                      
0010001300001T 0201897X0000000092096 24778829000008242   7000008242      31102024000000000074129001000566000008242                0900000000000010500000000000000000000000000000000000000   0000000000000000000000496A9A4      170192477882     
0010001300002U 020000000000000000000000000000000000000000000000000000000000000000000000000000000000000000000000000000000000000000000000002709202400000000            000000000000000                              000                           
0010001300003T 0201897X0000000092096 24778829000008243   7000008243      31102024000000000364533001003409000008243                0900000000000010500000000000000000000000000000000000000   0000000000000000000000496A9A4      170192477882     
0010001300004U 020000000000000000000000000000000000000000000000000000000000000000000000000000000000000000000000000000000000000000000000002709202400000000            000000000000000                              000                           
0010001300005T 0201897X0000000092096 24778829000008244   7000008244      31102024000000000354959001069833000008244                0900000000000010500000000000000000000000000000000000000   0000000000000000000000496A9A4      170192477882     
0010001300006U 020000000000000000000000000000000000000000000000000000000000000000000000000000000000000000000000000000000000000000000000002709202400000000            000000000000000                              000                           
0010001300007T 0201897X0000000092096 24778829000008245   7000008245      31102024000000000287960001004154000008245                0900000000000010500000000000000000000000000000000000000   0000000000000000000000496A9A4      170192477882     
0010001300008U 020000000000000000000000000000000000000000000000000000000000000000000000000000000000000000000000000000000000000000000000002709202400000000            000000000000000                              000                           
0010001300009T 0601897X0000000092096 24778822400000005   700000000000000530092024000000002082626001067245000000005                0900000000000010040000000000000000000000000000000000000   000000000000000000000000034        170192477882     
0010001300010U 060000000000000000000000000000000000000000000000000000000000000000000020826260000000020826260000000000000000000000000000002709202430092024            000000000000000                              000                           
0010001300011T 0601897X0000000092096 24778822400000036   700000000000003630092024000000000386734237033910000000036                0900000000000010100000000000000000000000000000000000000   000000000000000000000000004        170192477882     
0010001300012U 060000000000000000000000000000000000000000000000000000000000000000000003867340000000003867340000000000000000000000000000002709202430092024            000000000000000                              000                           
0010001300013T 0601897X0000000092096 24778822400000046   700000000000004630092024000000000312089341014030000000046                0900000000000010100000000000000000000000000000000000000   000000000000000000000000004        170192477882     
0010001300014U 060000000000000000000000000000000000000000000000000000000000000000000003120890000000003120890000000000000000000000000000002709202430092024            000000000000000                              000                           
0010001300015T 0601897X0000000092096 24778822400000065   700000000000006530092024000000000231261341009100000000065                0900000000000010100000000000000000000000000000000000000   000000000000000000000000004        170192477882     
0010001300016U 060000000000000000000000000000000000000000000000000000000000000000000002312610000000002312610000000000000000000000000000002709202430092024            000000000000000                              000                           
0010001300017T 0601897X0000000092096 24778822400000080   700000000000008030092024000000000177123001016071000000080                0900000000000010090000000000000000000000000000000000000   000000000000000000000000006        170192477882     
0010001300018U 060000000000000000000000000000000000000000000000000000000000000000000001771230000000001771230000000000000000000000000000002709202430092024            000000000000000                              000                           
0010001300019T 0601897X0000000092096 24778822400000100   700000000000010030092024000000000144563341000460000000100                0900000000000010100000000000000000000000000000000000000   000000000000000000000000004        170192477882     
0010001300020U 060000000000000000000000000000000000000000000000000000000000000000000001445630000000001445630000000000000000000000000000002709202430092024            000000000000000                              000                           
0010001300021T 0601897X0000000092096 24778822400000111   700000000000011130092024000000000125901341020000000000111                0900000000000010100000000000000000000000000000000000000   000000000000000000000000004        170192477882     
0010001300022U 060000000000000000000000000000000000000000000000000000000000000000000001259010000000001259010000000000000000000000000000002709202430092024            000000000000000                              000                           
0010001300023T 0601897X0000000092096 24778822400000116   700000000000011630092024000000000120976341009120000000116                0900000000000010100000000000000000000000000000000000000   000000000000000000000000004        170192477882     
0010001300024U 060000000000000000000000000000000000000000000000000000000000000000000001209760000000001209760000000000000000000000000000002709202430092024            000000000000000                              000                           
0010001300025T 0601897X0000000092096 24778822400000136   700000000000013630092024000000000102469237000850000000136                0900000000000010100000000000000000000000000000000000000   000000000000000000000000004        170192477882     
0010001300026U 060000000000000000000000000000000000000000000000000000000000000000000001024690000000001024690000000000000000000000000000002709202430092024            000000000000000                              000                           
0010001300027T 0601897X0000000092096 24778822400000182   700000000000018230092024000000000071882033022710000000182                0900000000000010100000000000000000000000000000000000000   000000000000000000000000004        170192477882     
0010001300028U 060000000000000000000000000000000000000000000000000000000000000000000000718820000000000718820000000000000000000000000000002709202430092024            000000000000000                              000                           
0010001300029T 0601897X0000000092096 24778822400000206   700000000000020630092024000000000059285033022710000000206                0900000000000010100000000000000000000000000000000000000   000000000000000000000000004        170192477882     
0010001300030U 060000000000000000000000000000000000000000000000000000000000000000000000592850000000000592850000000000000000000000000000002709202430092024            000000000000000                              000                           
0010001300031T 0601897X0000000092096 24778822400000235   700000000000023530092024000000000048811033000410000000235                0900000000000010100000000000000000000000000000000000000   000000000000000000000000004        170192477882     
0010001300032U 060000000000000000000000000000000000000000000000000000000000000000000000488110000000000488110000000000000000000000000000002709202430092024            000000000000000                              000                           
0010001300033T 0601897X0000000092096 24778822400000251   700000000000025130092024000000000043914341064580000000251                0900000000000010100000000000000000000000000000000000000   000000000000000000000000004        170192477882     
0010001300034U 060000000000000000000000000000000000000000000000000000000000000000000000439140000000000439140000000000000000000000000000002709202430092024            000000000000000                              000                           
0010001300035T 0601897X0000000092096 24778822400000270   700000000000027030092024000000000041427341040090000000270                0900000000000010100000000000000000000000000000000000000   000000000000000000000000004        170192477882     
0010001300036U 060000000000000000000000000000000000000000000000000000000000000000000000414270000000000414270000000000000000000000000000002709202430092024            000000000000000                              000                           
0010001300037T 0601897X0000000092096 24778822400000304   700000000000030430092024000000000037595237000460000000304                0900000000000010100000000000000000000000000000000000000   000000000000000000000000004        170192477882     
0010001300038U 060000000000000000000000000000000000000000000000000000000000000000000000375950000000000375950000000000000000000000000000002709202430092024            000000000000000                              000                           
0010001300039T 0601897X0000000092096 24778822400000334   700000000000033430092024000000000036591341000300000000334                0900000000000010100000000000000000000000000000000000000   000000000000000000000000004        170192477882     
0010001300040U 060000000000000000000000000000000000000000000000000000000000000000000000365910000000000365910000000000000000000000000000002709202430092024            000000000000000                              000                           
0010001300041T 0601897X0000000092096 24778822400000353   700000000000035330092024000000000035468033002980000000353                0900000000000010100000000000000000000000000000000000000   000000000000000000000000004        170192477882     
0010001300042U 060000000000000000000000000000000000000000000000000000000000000000000000354680000000000354680000000000000000000000000000002709202430092024            000000000000000                              000                           
0010001300043T 0601897X0000000092096 24778822400000418   700000000000041830092024000000000032104104002780000000418                0900000000000010100000000000000000000000000000000000000   000000000000000000000000004        170192477882     
0010001300044U 060000000000000000000000000000000000000000000000000000000000000000000000321040000000000321040000000000000000000000000000002709202430092024            000000000000000                              000                           
0010001300045T 0601897X0000000092096 24778822400000429   700000000000042930092024000000000031619104039660000000429                0900000000000010100000000000000000000000000000000000000   000000000000000000000000004        170192477882     
0010001300046U 060000000000000000000000000000000000000000000000000000000000000000000000316190000000000316190000000000000000000000000000002709202430092024            000000000000000                              000                           
0010001300047T 0601897X0000000092096 24778822400000430   700000000000043030092024000000000031619033047700000000430                0900000000000010100000000000000000000000000000000000000   000000000000000000000000004        170192477882     
0010001300048U 060000000000000000000000000000000000000000000000000000000000000000000000316190000000000316190000000000000000000000000000002709202430092024            000000000000000                              000                           
0010001300049T 0601897X0000000092096 24778822400000438   700000000000043830092024000000000031035341096630000000438                0900000000000010100000000000000000000000000000000000000   000000000000000000000000004        170192477882     
0010001300050U 060000000000000000000000000000000000000000000000000000000000000000000000310350000000000310350000000000000000000000000000002709202430092024            000000000000000                              000                           
0010001300051T 0601897X0000000092096 24778822400000461   700000000000046130092024000000000030302237033710000000461                0900000000000010100000000000000000000000000000000000000   000000000000000000000000004        170192477882     
0010001300052U 060000000000000000000000000000000000000000000000000000000000000000000000303020000000000303020000000000000000000000000000002709202430092024            000000000000000                              000                           
0010001300053T 0601897X0000000092096 24778822400000462   700000000000046230092024000000000030283341000330000000462                0900000000000010100000000000000000000000000000000000000   000000000000000000000000004        170192477882     
0010001300054U 060000000000000000000000000000000000000000000000000000000000000000000000302830000000000302830000000000000000000000000000002709202430092024            000000000000000                              000                           
0010001300055T 0601897X0000000092096 24778822400000477   700000000000047730092024000000000029288341000300000000477                0900000000000010100000000000000000000000000000000000000   000000000000000000000000004        170192477882     
0010001300056U 060000000000000000000000000000000000000000000000000000000000000000000000292880000000000292880000000000000000000000000000002709202430092024            000000000000000                              000                           
0010001300057T 0601897X0000000092096 24778822400000517   700000000000051730092024000000000029277260000010000000517                0900000000000010100000000000000000000000000000000000000   000000000000000000000000004        170192477882     
0010001300058U 060000000000000000000000000000000000000000000000000000000000000000000000292770000000000292770000000000000000000000000000002709202430092024            000000000000000                              000                           
0010001300059T 0601897X0000000092096 24778822400000530   700000000000053030092024000000000028840748052180000000530                0900000000000010100000000000000000000000000000000000000   000000000000000000000000004        170192477882     
0010001300060U 060000000000000000000000000000000000000000000000000000000000000000000000288400000000000288400000000000000000000000000000002709202430092024            000000000000000                              000                           
0010001300061T 0601897X0000000092096 24778822400000571   700000000000057130092024000000000027423104002780000000571                0900000000000010100000000000000000000000000000000000000   000000000000000000000000004        170192477882     
0010001300062U 060000000000000000000000000000000000000000000000000000000000000000000000274230000000000274230000000000000000000000000000002709202430092024            000000000000000                              000                           
0010001300063T 0601897X0000000092096 24778822400000587   700000000000058730092024000000000026349341040040000000587                0900000000000010100000000000000000000000000000000000000   000000000000000000000000004        170192477882     
0010001300064U 060000000000000000000000000000000000000000000000000000000000000000000000263490000000000263490000000000000000000000000000002709202430092024            000000000000000                              000                           
0010001300065T 0601897X0000000092096 24778822400000591   700000000000059130092024000000000026349033035850000000591                0900000000000010100000000000000000000000000000000000000   000000000000000000000000004        170192477882     
0010001300066U 060000000000000000000000000000000000000000000000000000000000000000000000263490000000000263490000000000000000000000000000002709202430092024            000000000000000                              000                           
0010001300067T 0601897X0000000092096 24778822400000630   700000000000063030092024000000000025223033035840000000630                0900000000000010100000000000000000000000000000000000000   000000000000000000000000004        170192477882     
0010001300068U 060000000000000000000000000000000000000000000000000000000000000000000000252230000000000252230000000000000000000000000000002709202430092024            000000000000000                              000                           
0010001300069T 0601897X0000000092096 24778822400000692   700000000000069230092024000000000023421341014190000000692                0900000000000010100000000000000000000000000000000000000   000000000000000000000000004        170192477882     
0010001300070U 060000000000000000000000000000000000000000000000000000000000000000000000234210000000000234210000000000000000000000000000002709202430092024            000000000000000                              000                           
0010001300071T 0601897X0000000092096 24778822400000698   700000000000069830092024000000000023351104002780000000698                0900000000000010100000000000000000000000000000000000000   000000000000000000000000004        170192477882     
0010001300072U 060000000000000000000000000000000000000000000000000000000000000000000000233510000000000233510000000000000000000000000000002709202430092024            000000000000000                              000                           
0010001300073T 0601897X0000000092096 24778822400000709   700000000000070930092024000000000023100001008117000000709                0900000000000010040000000000000000000000000000000000000   000000000000000000000000034        170192477882     
0010001300074U 060000000000000000000000000000000000000000000000000000000000000000000000231000000000000231000000000000000000000000000000002709202430092024            000000000000000                              000                           
0010001300075T 0601897X0000000092096 24778822400000710   700000000000071030092024000000000023030104002930000000710                0900000000000010100000000000000000000000000000000000000   000000000000000000000000004        170192477882     
0010001300076U 060000000000000000000000000000000000000000000000000000000000000000000000230300000000000230300000000000000000000000000000002709202430092024            000000000000000                              000                           
0010001300077T 0601897X0000000092096 24778822400000791   700000000000079130092024000000000020092745000030000000791                0900000000000010100000000000000000000000000000000000000   000000000000000000000000004        170192477882     
0010001300078U 060000000000000000000000000000000000000000000000000000000000000000000000200920000000000200920000000000000000000000000000002709202430092024            000000000000000                              000                           
0010001300079T 0601897X0000000092096 24778822400000799   700000000000079930092024000000000019699341003500000000799                0900000000000010100000000000000000000000000000000000000   000000000000000000000000004        170192477882     
0010001300080U 060000000000000000000000000000000000000000000000000000000000000000000000196990000000000196990000000000000000000000000000002709202430092024            000000000000000                              000                           
0010001300081T 0601897X0000000092096 24778822400000801   700000000000080130092024000000000019629001033626000000801                0900000000000010040000000000000000000000000000000000000   000000000000000000000000034        170192477882     
0010001300082U 060000000000000000000000000000000000000000000000000000000000000000000000196290000000000196290000000000000000000000000000002709202430092024            000000000000000                              000                           
0010001300083T 0601897X0000000092096 24778822400000836   700000000000083630092024000000000018241237002150000000836                0900000000000010100000000000000000000000000000000000000   000000000000000000000000004        170192477882     
0010001300084U 060000000000000000000000000000000000000000000000000000000000000000000000182410000000000182410000000000000000000000000000002709202430092024            000000000000000                              000                           
0010001300085T 0601897X0000000092096 24778822400000843   700000000000084330092024000000000017708033045360000000843                0900000000000010100000000000000000000000000000000000000   000000000000000000000000004        170192477882     
0010001300086U 060000000000000000000000000000000000000000000000000000000000000000000000177080000000000177080000000000000000000000000000002709202430092024            000000000000000                              000                           
0010001300087T 0601897X0000000092096 24778822400000870   700000000000087030092024000000000016710237003160000000870                0900000000000010100000000000000000000000000000000000000   000000000000000000000000004        170192477882     
0010001300088U 060000000000000000000000000000000000000000000000000000000000000000000000167100000000000167100000000000000000000000000000002709202430092024            000000000000000                              000                           
0010001300089T 0601897X0000000092096 24778822400000874   700000000000087430092024000000000016425509000010000000874                0900000000000010100000000000000000000000000000000000000   000000000000000000000000004        170192477882     
0010001300090U 060000000000000000000000000000000000000000000000000000000000000000000000164250000000000164250000000000000000000000000000002709202430092024            000000000000000                              000                           
0010001300091T 0601897X0000000092096 24778822400000901   700000000000090130092024000000000015159001024279000000901                0900000000000010040000000000000000000000000000000000000   000000000000000000000000034        170192477882     
0010001300092U 060000000000000000000000000000000000000000000000000000000000000000000000151590000000000151590000000000000000000000000000002709202430092024            000000000000000                              000                           
0010001300093T 0601897X0000000092096 24778822400000938   700000000000093830092024000000000013750748052180000000938                0900000000000010100000000000000000000000000000000000000   000000000000000000000000004        170192477882     
0010001300094U 060000000000000000000000000000000000000000000000000000000000000000000000137500000000000137500000000000000000000000000000002709202430092024            000000000000000                              000                           
0010001300095T 0601897X0000000092096 24778822400000940   700000000000094030092024000000000013721033002370000000940                0900000000000010100000000000000000000000000000000000000   000000000000000000000000004        170192477882     
0010001300096U 060000000000000000000000000000000000000000000000000000000000000000000000137210000000000137210000000000000000000000000000002709202430092024            000000000000000                              000                           
0010001300097T 0601897X0000000092096 24778822400000962   700000000000096230092024000000000011918237066270000000962                0900000000000010100000000000000000000000000000000000000   000000000000000000000000004        170192477882     
0010001300098U 060000000000000000000000000000000000000000000000000000000000000000000000119180000000000119180000000000000000000000000000002709202430092024            000000000000000                              000                           
0010001300099T 0601897X0000000092096 24778822400000973   700000000000097330092024000000000010981341005900000000973                0900000000000010100000000000000000000000000000000000000   000000000000000000000000004        170192477882     
0010001300100U 060000000000000000000000000000000000000000000000000000000000000000000000109810000000000109810000000000000000000000000000002709202430092024            000000000000000                              000                           
0010001300101T 0601897X0000000092096 24778822400000986   700000000000098630092024000000000009674341006580000000986                0900000000000010100000000000000000000000000000000000000   000000000000000000000000004        170192477882     
0010001300102U 060000000000000000000000000000000000000000000000000000000000000000000000096740000000000096740000000000000000000000000000002709202430092024            000000000000000                              000                           
0010001300103T 0601897X0000000092096 24778822400000996   700000000000099630092024000000000008437509000010000000996                0900000000000010100000000000000000000000000000000000000   000000000000000000000000004        170192477882     
0010001300104U 060000000000000000000000000000000000000000000000000000000000000000000000084370000000000084370000000000000000000000000000002709202430092024            000000000000000                              000                           
0010001300105T 0601897X0000000092096 24778822400001001   700000000000100130092024000000000006850756080590000001001                0900000000000010100000000000000000000000000000000000000   000000000000000000000000004        170192477882     
0010001300106U 060000000000000000000000000000000000000000000000000000000000000000000000068500000000000068500000000000000000000000000000002709202430092024            000000000000000                              000                           
0010001300107T 0601897X0000000092096 24778822400001006   700000000000100630092024000000000004392081000010000001006                0900000000000010100000000000000000000000000000000000000   000000000000000000000000004        170192477882     
0010001300108U 060000000000000000000000000000000000000000000000000000000000000000000000043920000000000043920000000000000000000000000000002709202430092024            000000000000000                              000                           
0010001300109T 0601897X0000000092096 24778822400001023   700000000000102330092024000000000029432509000010000001023                0900000000000010100000000000000000000000000000000000000   000000000000000000000000004        170192477882     
0010001300110U 060000000000000000000000000000000000000000000000000000000000000000000000294320000000000294320000000000000000000000000000002709202430092024            000000000000000                              000                           
0010001300111T 0601897X0000000092096 24778822400001055   700000000000105530092024000000000029276341005460000001055                0900000000000010100000000000000000000000000000000000000   000000000000000000000000004        170192477882     
0010001300112U 060000000000000000000000000000000000000000000000000000000000000000000000292760000000000292760000000000000000000000000000002709202430092024            000000000000000                              000                           
0010001300113T 0601897X0000000092096 24778822400001097   700000000000109730092024000000000028480341026900000001097                0900000000000010100000000000000000000000000000000000000   000000000000000000000000004        170192477882     
0010001300114U 060000000000000000000000000000000000000000000000000000000000000000000000284800000000000284800000000000000000000000000000002709202430092024            000000000000000                              000                           
0010001300115T 0601897X0000000092096 24778822400001161   700000000000116130092024000000000026277237004760000001161                0900000000000010100000000000000000000000000000000000000   000000000000000000000000004        170192477882     
0010001300116U 060000000000000000000000000000000000000000000000000000000000000000000000262770000000000262770000000000000000000000000000002709202430092024            000000000000000                              000                           
0010001300117T 0601897X0000000092096 24778822400001175   700000000000117530092024000000000025910237003140000001175                0900000000000010100000000000000000000000000000000000000   000000000000000000000000004        170192477882     
0010001300118U 060000000000000000000000000000000000000000000000000000000000000000000000259100000000000259100000000000000000000000000000002709202430092024            000000000000000                              000                           
0010001300119T 0601897X0000000092096 24778822400001187   700000000000118730092024000000000025734341002790000001187                0900000000000010100000000000000000000000000000000000000   000000000000000000000000004        170192477882     
0010001300120U 060000000000000000000000000000000000000000000000000000000000000000000000257340000000000257340000000000000000000000000000002709202430092024            000000000000000                              000                           
0010001300121T 0601897X0000000092096 24778822400001217   700000000000121730092024000000000025116341000140000001217                0900000000000010100000000000000000000000000000000000000   000000000000000000000000004        170192477882     
0010001300122U 060000000000000000000000000000000000000000000000000000000000000000000000251160000000000251160000000000000000000000000000002709202430092024            000000000000000                              000                           
0010001300123T 0601897X0000000092096 24778822400001227   700000000000122730092024000000000024885341076430000001227                0900000000000010100000000000000000000000000000000000000   000000000000000000000000004        170192477882     
0010001300124U 060000000000000000000000000000000000000000000000000000000000000000000000248850000000000248850000000000000000000000000000002709202430092024            000000000000000                              000                           
0010001300125T 0601897X0000000092096 24778822400001423   700000000000142330092024000000000021490237033710000001423                0900000000000010100000000000000000000000000000000000000   000000000000000000000000004        170192477882     
0010001300126U 060000000000000000000000000000000000000000000000000000000000000000000000214900000000000214900000000000000000000000000000002709202430092024            000000000000000                              000                           
0010001300127T 0601897X0000000092096 24778822400001469   700000000000146930092024000000000020626001019127000001469                0900000000000010040000000000000000000000000000000000000   000000000000000000000000034        170192477882     
0010001300128U 060000000000000000000000000000000000000000000000000000000000000000000000206260000000000206260000000000000000000000000000002709202430092024            000000000000000                              000                           
0010001300129T 0601897X0000000092096 24778822400001471   700000000000147130092024000000000020568237003160000001471                0900000000000010100000000000000000000000000000000000000   000000000000000000000000004        170192477882     
0010001300130U 060000000000000000000000000000000000000000000000000000000000000000000000205680000000000205680000000000000000000000000000002709202430092024            000000000000000                              000                           
0010001300131T 0601897X0000000092096 24778822400001701   700000000000170130092024000000000023880001012270000001701                0900000000000010090000000000000000000000000000000000000   000000000000000000000000006        170192477882     
0010001300132U 060000000000000000000000000000000000000000000000000000000000000000000000238800000000000238800000000000000000000000000000002709202430092024            000000000000000                              000                           
0010001300133T 0601897X0000000092096 24778822400001782   700000000000178230092024000000000023037033033770000001782                0900000000000010100000000000000000000000000000000000000   000000000000000000000000004        170192477882     
0010001300134U 060000000000000000000000000000000000000000000000000000000000000000000000230370000000000230370000000000000000000000000000002709202430092024            000000000000000                              000                           
0010001300135T 0601897X0000000092096 24778822400001866   700000000000186630092024000000000021932033003430000001866                0900000000000010100000000000000000000000000000000000000   000000000000000000000000004        170192477882     
0010001300136U 060000000000000000000000000000000000000000000000000000000000000000000000219320000000000219320000000000000000000000000000002709202430092024            000000000000000                              000                           
0010001300137T 0601897X0000000092096 24778822400002094   700000000000209430092024000000003185871033002850000002094                0900000000000010100000000000000000000000000000000000000   000000000000000000000000004        170192477882     
0010001300138U 060000000000000000000000000000000000000000000000000000000000000000000031858710000000031858710000000000000000000000000000002709202430092024            000000000000000                              000                           
0010001300139T 0601897X0000000092096 24778822400002114   700000000000211430092024000000002475454001030708000002114                0900000000000010090000000000000000000000000000000000000   000000000000000000000000006        170192477882     
0010001300140U 060000000000000000000000000000000000000000000000000000000000000000000024754540000000024754540000000000000000000000000000002709202430092024            000000000000000                              000                           
0010001300141T 0601897X0000000092096 24778822400002130   700000000000213030092024000000001851747033002850000002130                0900000000000010100000000000000000000000000000000000000   000000000000000000000000004        170192477882     
0010001300142U 060000000000000000000000000000000000000000000000000000000000000000000018517470000000018517470000000000000000000000000000002709202430092024            000000000000000                              000                           
0010001300143T 0601897X0000000092096 24778822400002246   700000000000224630092024000000000640985033030640000002246                0900000000000010100000000000000000000000000000000000000   000000000000000000000000004        170192477882     
0010001300144U 060000000000000000000000000000000000000000000000000000000000000000000006409850000000006409850000000000000000000000000000002709202430092024            000000000000000                              000                           
0010001300145T 0601897X0000000092096 24778822400002250   700000000000225030092024000000000606719341000540000002250                0900000000000010100000000000000000000000000000000000000   000000000000000000000000004        170192477882     
0010001300146U 060000000000000000000000000000000000000000000000000000000000000000000006067190000000006067190000000000000000000000000000002709202430092024            000000000000000                              000                           
0010001300147T 0601897X0000000092096 24778822400002446   700000000000244630092024000000000329663756013490000002446                0900000000000010100000000000000000000000000000000000000   000000000000000000000000004        170192477882     
0010001300148U 060000000000000000000000000000000000000000000000000000000000000000000003296630000000003296630000000000000000000000000000002709202430092024            000000000000000                              000                           
0010001300149T 0601897X0000000092096 24778822400003042   700000000000304230092024000000000128015509000010000003042                0900000000000010100000000000000000000000000000000000000   000000000000000000000000004        170192477882     
0010001300150U 060000000000000000000000000000000000000000000000000000000000000000000001280150000000001280150000000000000000000000000000002709202430092024            000000000000000                              000                           
0010001300151T 0601897X0000000092096 24778822400003162   700000000000316230092024000000000112327237020020000003162                0900000000000010100000000000000000000000000000000000000   000000000000000000000000004        170192477882     
0010001300152U 060000000000000000000000000000000000000000000000000000000000000000000001123270000000001123270000000000000000000000000000002709202430092024            000000000000000                              000                           
0010001300153T 0601897X0000000092096 24778822400003386   700000000000338630092024000000000088824237023720000003386                0900000000000010100000000000000000000000000000000000000   000000000000000000000000004        170192477882     
0010001300154U 060000000000000000000000000000000000000000000000000000000000000000000000888240000000000888240000000000000000000000000000002709202430092024            000000000000000                              000                           
0010001300155T 0601897X0000000092096 24778822400003530   700000000000353030092024000000000078831341029290000003530                0900000000000010100000000000000000000000000000000000000   000000000000000000000000004        170192477882     
0010001300156U 060000000000000000000000000000000000000000000000000000000000000000000000788310000000000788310000000000000000000000000000002709202430092024            000000000000000                              000                           
0010001300157T 0601897X0000000092096 24778822400003554   700000000000355430092024000000000075564341032180000003554                0900000000000010100000000000000000000000000000000000000   000000000000000000000000004        170192477882     
0010001300158U 060000000000000000000000000000000000000000000000000000000000000000000000755640000000000755640000000000000000000000000000002709202430092024            000000000000000                              000                           
0010001300159T 0601897X0000000092096 24778822400003574   700000000000357430092024000000000074399237013680000003574                0900000000000010100000000000000000000000000000000000000   000000000000000000000000004        170192477882     
0010001300160U 060000000000000000000000000000000000000000000000000000000000000000000000743990000000000743990000000000000000000000000000002709202430092024            000000000000000                              000                           
0010001300161T 0601897X0000000092096 24778822400003622   700000000000362230092024000000000073190237022970000003622                0900000000000010100000000000000000000000000000000000000   000000000000000000000000004        170192477882     
0010001300162U 060000000000000000000000000000000000000000000000000000000000000000000000731900000000000731900000000000000000000000000000002709202430092024            000000000000000                              000                           
0010001300163T 0601897X0000000092096 24778822400003634   700000000000363430092024000000000072970341032180000003634                0900000000000010100000000000000000000000000000000000000   000000000000000000000000004        170192477882     
0010001300164U 060000000000000000000000000000000000000000000000000000000000000000000000729700000000000729700000000000000000000000000000002709202430092024            000000000000000                              000                           
0010001300165T 0601897X0000000092096 24778822400003686   700000000000368630092024000000000070995237004800000003686                0900000000000010100000000000000000000000000000000000000   000000000000000000000000004        170192477882     
0010001300166U 060000000000000000000000000000000000000000000000000000000000000000000000709950000000000709950000000000000000000000000000002709202430092024            000000000000000                              000                           
0010001300167T 0601897X0000000092096 24778822400003802   700000000000380230092024000000000065863033009120000003802                0900000000000010100000000000000000000000000000000000000   000000000000000000000000004        170192477882     
0010001300168U 060000000000000000000000000000000000000000000000000000000000000000000000658630000000000658630000000000000000000000000000002709202430092024            000000000000000                              000                           
0010001300169T 0601897X0000000092096 24778822400003830   700000000000383030092024000000000064086104003320000003830                0900000000000010100000000000000000000000000000000000000   000000000000000000000000004        170192477882     
0010001300170U 060000000000000000000000000000000000000000000000000000000000000000000000640860000000000640860000000000000000000000000000002709202430092024            000000000000000                              000                           
0010001300171T 0601897X0000000092096 24778822400003838   700000000000383830092024000000000063895341018280000003838                0900000000000010100000000000000000000000000000000000000   000000000000000000000000004        170192477882     
0010001300172U 060000000000000000000000000000000000000000000000000000000000000000000000638950000000000638950000000000000000000000000000002709202430092024            000000000000000                              000                           
0010001300173T 0601897X0000000092096 24778822400003842   700000000000384230092024000000000063886033033770000003842                0900000000000010100000000000000000000000000000000000000   000000000000000000000000004        170192477882     
0010001300174U 060000000000000000000000000000000000000000000000000000000000000000000000638860000000000638860000000000000000000000000000002709202430092024            000000000000000                              000                           
0010001300175T 0601897X0000000092096 24778822400003862   700000000000386230092024000000000063182033013190000003862                0900000000000010100000000000000000000000000000000000000   000000000000000000000000004        170192477882     
0010001300176U 060000000000000000000000000000000000000000000000000000000000000000000000631820000000000631820000000000000000000000000000002709202430092024            000000000000000                              000                           
0010001300177T 0601897X0000000092096 24778822400004002   700000000000400230092024000000000058012104029680000004002                0900000000000010100000000000000000000000000000000000000   000000000000000000000000004        170192477882     
0010001300178U 060000000000000000000000000000000000000000000000000000000000000000000000580120000000000580120000000000000000000000000000002709202430092024            000000000000000                              000                           
0010001300179T 0601897X0000000092096 24778822400004062   700000000000406230092024000000000056524341000280000004062                0900000000000010100000000000000000000000000000000000000   000000000000000000000000004        170192477882     
0010001300180U 060000000000000000000000000000000000000000000000000000000000000000000000565240000000000565240000000000000000000000000000002709202430092024            000000000000000                              000                           
0010001300181T 0601897X0000000092096 24778822400004082   700000000000408230092024000000000055991033043970000004082                0900000000000010100000000000000000000000000000000000000   000000000000000000000000004        170192477882     
0010001300182U 060000000000000000000000000000000000000000000000000000000000000000000000559910000000000559910000000000000000000000000000002709202430092024            000000000000000                              000                           
0010001300183T 0601897X0000000092096 24778822400004106   700000000000410630092024000000000054893237002140000004106                0900000000000010100000000000000000000000000000000000000   000000000000000000000000004        170192477882     
0010001300184U 060000000000000000000000000000000000000000000000000000000000000000000000548930000000000548930000000000000000000000000000002709202430092024            000000000000000                              000                           
0010001300185T 0601897X0000000092096 24778822400004246   700000000000424630092024000000000050688104002780000004246                0900000000000010100000000000000000000000000000000000000   000000000000000000000000004        170192477882     
0010001300186U 060000000000000000000000000000000000000000000000000000000000000000000000506880000000000506880000000000000000000000000000002709202430092024            000000000000000                              000                           
0010001300187T 0601897X0000000092096 24778822400004306   700000000000430630092024000000000047574033002850000004306                0900000000000010100000000000000000000000000000000000000   000000000000000000000000004        170192477882     
0010001300188U 060000000000000000000000000000000000000000000000000000000000000000000000475740000000000475740000000000000000000000000000002709202430092024            000000000000000                              000                           
0010001300189T 0601897X0000000092096 24778822400004318   700000000000431830092024000000000047428104003630000004318                0900000000000010100000000000000000000000000000000000000   000000000000000000000000004        170192477882     
0010001300190U 060000000000000000000000000000000000000000000000000000000000000000000000474280000000000474280000000000000000000000000000002709202430092024            000000000000000                              000                           
0010001300191T 0601897X0000000092096 24778822400004542   700000000000454230092024000000000039522341005460000004542                0900000000000010100000000000000000000000000000000000000   000000000000000000000000004        170192477882     
0010001300192U 060000000000000000000000000000000000000000000000000000000000000000000000395220000000000395220000000000000000000000000000002709202430092024            000000000000000                              000                           
0010001300193T 0601897X0000000092096 24778822400004550   700000000000455030092024000000000039524033002870000004550                0900000000000010100000000000000000000000000000000000000   000000000000000000000000004        170192477882     
0010001300194U 060000000000000000000000000000000000000000000000000000000000000000000000395240000000000395240000000000000000000000000000002709202430092024            000000000000000                              000                           
0010001300195T 0601897X0000000092096 24778822400004586   700000000000458630092024000000000038790341001620000004586                0900000000000010100000000000000000000000000000000000000   000000000000000000000000004        170192477882     
0010001300196U 060000000000000000000000000000000000000000000000000000000000000000000000387900000000000387900000000000000000000000000000002709202430092024            000000000000000                              000                           
0010001300197T 0601897X0000000092096 24778822400004590   700000000000459030092024000000000038740237020020000004590                0900000000000010100000000000000000000000000000000000000   000000000000000000000000004        170192477882     
0010001300198U 060000000000000000000000000000000000000000000000000000000000000000000000387400000000000387400000000000000000000000000000002709202430092024            000000000000000                              000                           
0010001300199T 0601897X0000000092096 24778822400004702   700000000000470230092024000000000036560341000410000004702                0900000000000010100000000000000000000000000000000000000   000000000000000000000000004        170192477882     
0010001300200U 060000000000000000000000000000000000000000000000000000000000000000000000365600000000000365600000000000000000000000000000002709202430092024            000000000000000                              000                           
0010001300201T 0601897X0000000092096 24778822400004750   700000000000475030092024000000000035821237025610000004750                0900000000000010100000000000000000000000000000000000000   000000000000000000000000004        170192477882     
0010001300202U 060000000000000000000000000000000000000000000000000000000000000000000000358210000000000358210000000000000000000000000000002709202430092024            000000000000000                              000                           
0010001300203T 0601897X0000000092096 24778822400004806   700000000000480630092024000000000034850341069100000004806                0900000000000010100000000000000000000000000000000000000   000000000000000000000000004        170192477882     
0010001300204U 060000000000000000000000000000000000000000000000000000000000000000000000348500000000000348500000000000000000000000000000002709202430092024            000000000000000                              000                           
0010001300205T 0601897X0000000092096 24778822400004822   700000000000482230092024000000000034387237003930000004822                0900000000000010100000000000000000000000000000000000000   000000000000000000000000004        170192477882     
0010001300206U 060000000000000000000000000000000000000000000000000000000000000000000000343870000000000343870000000000000000000000000000002709202430092024            000000000000000                              000                           
0010001300207T 0601897X0000000092096 24778822400004826   700000000000482630092024000000000034253341000280000004826                0900000000000010100000000000000000000000000000000000000   000000000000000000000000004        170192477882     
0010001300208U 060000000000000000000000000000000000000000000000000000000000000000000000342530000000000342530000000000000000000000000000002709202430092024            000000000000000                              000                           
0010001300209T 0601897X0000000092096 24778822400005094   700000000000509430092024000000000030328033003030000005094                0900000000000010100000000000000000000000000000000000000   000000000000000000000000004        170192477882     
0010001300210U 060000000000000000000000000000000000000000000000000000000000000000000000303280000000000303280000000000000000000000000000002709202430092024            000000000000000                              000                           
0010001300211T 0601897X0000000092096 24778822400005110   700000000000511030092024000000000030155341005620000005110                0900000000000010100000000000000000000000000000000000000   000000000000000000000000004        170192477882     
0010001300212U 060000000000000000000000000000000000000000000000000000000000000000000000301550000000000301550000000000000000000000000000002709202430092024            000000000000000                              000                           
0010001300213T 0601897X0000000092096 24778822400005322   700000000000532230092024000000000026349509000010000005322                0900000000000010100000000000000000000000000000000000000   000000000000000000000000004        170192477882     
0010001300214U 060000000000000000000000000000000000000000000000000000000000000000000000263490000000000263490000000000000000000000000000002709202430092024            000000000000000                              000                           
0010001300215T 0601897X0000000092096 24778822400005394   700000000000539430092024000000000025358237020020000005394                0900000000000010100000000000000000000000000000000000000   000000000000000000000000004        170192477882     
0010001300216U 060000000000000000000000000000000000000000000000000000000000000000000000253580000000000253580000000000000000000000000000002709202430092024            000000000000000                              000                           
0010001300217T 0601897X0000000092096 24778822400005462   700000000000546230092024000000000023863237005200000005462                0900000000000010100000000000000000000000000000000000000   000000000000000000000000004        170192477882     
0010001300218U 060000000000000000000000000000000000000000000000000000000000000000000000238630000000000238630000000000000000000000000000002709202430092024            000000000000000                              000                           
0010001300219T 0601897X0000000092096 24778822400005634   700000000000563430092024000000000021956341004190000005634                0900000000000010100000000000000000000000000000000000000   000000000000000000000000004        170192477882     
0010001300220U 060000000000000000000000000000000000000000000000000000000000000000000000219560000000000219560000000000000000000000000000002709202430092024            000000000000000                              000                           
0010001300221T 0601897X0000000092096 24778822400005646   700000000000564630092024000000000021956341002790000005646                0900000000000010100000000000000000000000000000000000000   000000000000000000000000004        170192477882     
0010001300222U 060000000000000000000000000000000000000000000000000000000000000000000000219560000000000219560000000000000000000000000000002709202430092024            000000000000000                              000                           
0010001300223T 0601897X0000000092096 24778822400005686   700000000000568630092024000000000021881341000280000005686                0900000000000010100000000000000000000000000000000000000   000000000000000000000000004        170192477882     
0010001300224U 060000000000000000000000000000000000000000000000000000000000000000000000218810000000000218810000000000000000000000000000002709202430092024            000000000000000                              000                           
0010001300225T 0601897X0000000092096 24778822400005687   700000000000568731102024000000000021882341000280000005687                0900000000000010100000000000000000000000000000000000000   000000000000000000000000004        170192477882     
0010001300226U 060000000000000000000000000000000000000000000000000000000000000000000000218820000000000218820000000000000000000000000000002709202430092024            000000000000000                              000                           
0010001300227T 0601897X0000000092096 24778822400005688   700000000000568829112024000000000021882341000280000005688                0900000000000010100000000000000000000000000000000000000   000000000000000000000000004        170192477882     
0010001300228U 060000000000000000000000000000000000000000000000000000000000000000000000218820000000000218820000000000000000000000000000002709202430092024            000000000000000                              000                           
0010001300229T 0601897X0000000092096 24778822400005689   700000000000568919122024000000000021882341000280000005689                0900000000000010100000000000000000000000000000000000000   000000000000000000000000004        170192477882     
0010001300230U 060000000000000000000000000000000000000000000000000000000000000000000000218820000000000218820000000000000000000000000000002709202430092024            000000000000000                              000                           
0010001300231T 0601897X0000000092096 24778822400005842   700000000000584230092024000000000020251033000900000005842                0900000000000010100000000000000000000000000000000000000   000000000000000000000000004        170192477882     
0010001300232U 060000000000000000000000000000000000000000000000000000000000000000000000202510000000000202510000000000000000000000000000002709202430092024            000000000000000                              000                           
0010001300233T 0601897X0000000092096 24778829000008062   7000008062      30092024000000000062022341001620000008062                0900000000000010100000000000000000000000000000000000000   000000000000000000000000004        170192477882     
0010001300234U 060000000000000000000000000000000000000000000000000000000000000000000000620220000000000620220000000000000000000000000000002709202430092024            000000000000000                              000                           
0010001300235T 0601897X0000000092096 24778829000008171   7000008171      30092024000000000030894237025610000008171                0900000000000010100000000000000000000000000000000000000   000000000000000000000000004        170192477882     
0010001300236U 060000000000000000000000000000000000000000000000000000000000000000000000308940000000000308940000000000000000000000000000002709202430092024            000000000000000                              000                           
0010001300237T 0901897X0000000092096 24778822400000689   700000000000068930092024000000000023421001009903000000689                0900000000000000000000000000000000000000000000000000000   000000000000000000000037210        170192477882     
0010001300238U 090000000000000000000000000000000000000000000000000000000000000000000000000000000000000000000000000000000000000000000000002709202400000000            000000000000000                              000                           
0010001300239T 1401897X0000000092096 24778822400000177   700000000000017704102024000000000073191001000566000000177                0900000000000000000000000000000000000000000000000000000   000000000000000000000000000        170192477882     
0010001300240U 140000000000000000000000000000000000000000000000000000000000000000000000000000000000000000000000000000000000000000000000002709202400000000            000000000000000                              000                           
0010001300241T 1401897X0000000092096 24778822400000195   70000000000001950410202400000000006506200101513X000000195                0900000000000000000000000000000000000000000000000000000   000000000000000000000000000        170192477882     
0010001300242U 140000000000000000000000000000000000000000000000000000000000000000000000000000000000000000000000000000000000000000000000002709202400000000            000000000000000                              000                           
0010001300243T 1401897X0000000092096 24778822400000199   70000000000001990410202400000000006158700101513X000000199                0900000000000000000000000000000000000000000000000000000   000000000000000000000000000        170192477882     
0010001300244U 140000000000000000000000000000000000000000000000000000000000000000000000000000000000000000000000000000000000000000000000002709202400000000            000000000000000                              000                           
0010001300245T 1401897X0000000092096 24778822400000228   70000000000002280410202400000000005270500101513X000000228                0900000000000000000000000000000000000000000000000000000   000000000000000000000000000        170192477882     
0010001300246U 140000000000000000000000000000000000000000000000000000000000000000000000000000000000000000000000000000000000000000000000002709202400000000            000000000000000                              000                           
0010001300247T 1401897X0000000092096 24778822400000243   70000000000002430410202400000000004684300101513X000000243                0900000000000000000000000000000000000000000000000000000   000000000000000000000000000        170192477882     
0010001300248U 140000000000000000000000000000000000000000000000000000000000000000000000000000000000000000000000000000000000000000000000002709202400000000            000000000000000                              000                           
0010001300249T 1401897X0000000092096 24778822400000250   70000000000002500410202400000000004391400101513X000000250                0900000000000000000000000000000000000000000000000000000   000000000000000000000000000        170192477882     
0010001300250U 140000000000000000000000000000000000000000000000000000000000000000000000000000000000000000000000000000000000000000000000002709202400000000            000000000000000                              000                           
0010001300251T 1401897X0000000092096 24778822400000256   70000000000002560410202400000000004391400101513X000000256                0900000000000000000000000000000000000000000000000000000   000000000000000000000000000        170192477882     
0010001300252U 140000000000000000000000000000000000000000000000000000000000000000000000000000000000000000000000000000000000000000000000002709202400000000            000000000000000                              000                           
0010001300253T 1401897X0000000092096 24778822400000258   70000000000002580410202400000000004376600101513X000000258                0900000000000000000000000000000000000000000000000000000   000000000000000000000000000        170192477882     
0010001300254U 140000000000000000000000000000000000000000000000000000000000000000000000000000000000000000000000000000000000000000000000002709202400000000            000000000000000                              000                           
0010001300255T 1401897X0000000092096 24778822400000282   70000000000002820410202400000000003952300101513X000000282                0900000000000000000000000000000000000000000000000000000   000000000000000000000000000        170192477882     
0010001300256U 140000000000000000000000000000000000000000000000000000000000000000000000000000000000000000000000000000000000000000000000002709202400000000            000000000000000                              000                           
0010001300257T 1401897X0000000092096 24778822400000346   70000000000003460410202400000000003582500101513X000000346                0900000000000000000000000000000000000000000000000000000   000000000000000000000000000        170192477882     
0010001300258U 140000000000000000000000000000000000000000000000000000000000000000000000000000000000000000000000000000000000000000000000002709202400000000            000000000000000                              000                           
0010001300259T 1401897X0000000092096 24778822400000358   70000000000003580410202400000000003513200101513X000000358                0900000000000000000000000000000000000000000000000000000   000000000000000000000000000        170192477882     
0010001300260U 140000000000000000000000000000000000000000000000000000000000000000000000000000000000000000000000000000000000000000000000002709202400000000            000000000000000                              000                           
0010001300261T 1401897X0000000092096 24778822400000510   700000000000051004102024000000000029277001000566000000510                0900000000000000000000000000000000000000000000000000000   000000000000000000000000000        170192477882     
0010001300262U 140000000000000000000000000000000000000000000000000000000000000000000000000000000000000000000000000000000000000000000000002709202400000000            000000000000000                              000                           
0010001300263T 1401897X0000000092096 24778822400000627   70000000000006270410202400000000002538100101513X000000627                0900000000000000000000000000000000000000000000000000000   000000000000000000000000000        170192477882     
0010001300264U 140000000000000000000000000000000000000000000000000000000000000000000000000000000000000000000000000000000000000000000000002709202400000000            000000000000000                              000                           
0010001300265T 1401897X0000000092096 24778822400000629   700000000000062904102024000000000025381001003190000000629                0900000000000000000000000000000000000000000000000000000   000000000000000000000000000        170192477882     
0010001300266U 140000000000000000000000000000000000000000000000000000000000000000000000000000000000000000000000000000000000000000000000002709202400000000            000000000000000                              000                           
0010001300267T 1401897X0000000092096 24778822400000716   700000000000071604102024000000000022627001004596000000716                0900000000000000000000000000000000000000000000000000000   000000000000000000000000000        170192477882     
0010001300268U 140000000000000000000000000000000000000000000000000000000000000000000000000000000000000000000000000000000000000000000000002709202400000000            000000000000000                              000                           
0010001300269T 1401897X0000000092096 24778822400000718   70000000000007180410202400000000002255000101513X000000718                0900000000000000000000000000000000000000000000000000000   000000000000000000000000000        170192477882     
0010001300270U 140000000000000000000000000000000000000000000000000000000000000000000000000000000000000000000000000000000000000000000000002709202400000000            000000000000000                              000                           
0010001300271T 1401897X0000000092096 24778822400000724   70000000000007240410202400000000002238200101513X000000724                0900000000000000000000000000000000000000000000000000000   000000000000000000000000000        170192477882     
0010001300272U 140000000000000000000000000000000000000000000000000000000000000000000000000000000000000000000000000000000000000000000000002709202400000000            000000000000000                              000                           
0010001300273T 1401897X0000000092096 24778822400000726   70000000000007260410202400000000002238200101513X000000726                0900000000000000000000000000000000000000000000000000000   000000000000000000000000000        170192477882     
0010001300274U 140000000000000000000000000000000000000000000000000000000000000000000000000000000000000000000000000000000000000000000000002709202400000000            000000000000000                              000                           
0010001300275T 1401897X0000000092096 24778822400000751   70000000000007510410202400000000002177000101513X000000751                0900000000000000000000000000000000000000000000000000000   000000000000000000000000000        170192477882     
0010001300276U 140000000000000000000000000000000000000000000000000000000000000000000000000000000000000000000000000000000000000000000000002709202400000000            000000000000000                              000                           
0010001300277T 1401897X0000000092096 24778822400000798   70000000000007980410202400000000001983200101513X000000798                0900000000000000000000000000000000000000000000000000000   000000000000000000000000000        170192477882     
0010001300278U 140000000000000000000000000000000000000000000000000000000000000000000000000000000000000000000000000000000000000000000000002709202400000000            000000000000000                              000                           
0010001300279T 1401897X0000000092096 24778822400000822   70000000000008220410202400000000001903600101513X000000822                0900000000000000000000000000000000000000000000000000000   000000000000000000000000000        170192477882     
0010001300280U 140000000000000000000000000000000000000000000000000000000000000000000000000000000000000000000000000000000000000000000000002709202400000000            000000000000000                              000                           
0010001300281T 1401897X0000000092096 24778822400000825   70000000000008250410202400000000001893600101513X000000825                0900000000000000000000000000000000000000000000000000000   000000000000000000000000000        170192477882     
0010001300282U 140000000000000000000000000000000000000000000000000000000000000000000000000000000000000000000000000000000000000000000000002709202400000000            000000000000000                              000                           
0010001300283T 1401897X0000000092096 24778822400000847   70000000000008470410202400000000001757200101513X000000847                0900000000000000000000000000000000000000000000000000000   000000000000000000000000000        170192477882     
0010001300284U 140000000000000000000000000000000000000000000000000000000000000000000000000000000000000000000000000000000000000000000000002709202400000000            000000000000000                              000                           
0010001300285T 1401897X0000000092096 24778822400000900   70000000000009000410202400000000001521400101849X000000900                0900000000000000000000000000000000000000000000000000000   000000000000000000000000000        170192477882     
0010001300286U 140000000000000000000000000000000000000000000000000000000000000000000000000000000000000000000000000000000000000000000000002709202400000000            000000000000000                              000                           
0010001300287T 1401897X0000000092096 24778822400000956   70000000000009560410202400000000001242700101513X000000956                0900000000000000000000000000000000000000000000000000000   000000000000000000000000000        170192477882     
0010001300288U 140000000000000000000000000000000000000000000000000000000000000000000000000000000000000000000000000000000000000000000000002709202400000000            000000000000000                              000                           
0010001300289T 1401897X0000000092096 24778822400002382   700000000000238204102024000000000389608001004561000002382                0900000000000000000000000000000000000000000000000000000   000000000000000000000000000        170192477882     
0010001300290U 140000000000000000000000000000000000000000000000000000000000000000000000000000000000000000000000000000000000000000000000002709202400000000            000000000000000                              000                           
0010001300291T 1401897X0000000092096 24778829000008232   7000008232      04102024000000000052760001006998000008232                0900000000000000000000000000000000000000000000000000000   000000000000000000000000000        170192477882     
0010001300292U 140000000000000000000000000000000000000000000000000000000000000000000000000000000000000000000000000000000000000000000000002709202400000000            000000000000000                              000                           
00100015         000294005426000000020015612800000000000000000000000000000000000000000000000000000000000000000000000000000000000000000000000000000                                                                                              
00199999         000001000296000000                                                                                                                                                            00000000000000000000000000000                    
