00100000         2115139610001160024778820014       01897X0000000092096 FUNDACAO AGENCIA DAS BACIAS HIBANCO DO BRASIL                         21012202402054800587103000000829973081PROCESSAMEN                                                 
00100011T0100020 20115139610001160024778820014       01897X0000000092096 FUNDACAO AGENCIA DAS BACIAS HI                                                                                000000001012202400000000  000000000                      
0010001300001T 0601897X0000000092096 24778822400002221   700000000000222119122024000000000812243745000010000002221                0900000000000010100000000000000000000000000000000000000   000000000000000000000000004        170192477882     
0010001300002U 060000000000000000000000000000000000000000000000000000000000000000000008122430000000008122430000000000000000000000000000001012202411122024            000000000000000                              000                           
0010001300003T 0601897X0000000092096 24778822400002625   700000000000262519122024000000000219575237003060000002625                0900000000000010100000000000000000000000000000000000000   000000000000000000000000004        170192477882     
0010001300004U 060000000000000000000000000000000000000000000000000000000000000000000002195750000000002195750000000000000000000000000000001012202411122024            000000000000000                              000                           
0010001300005T 0601897X0000000092096 24778822400002681   700000000000268119122024000000000204937341009100000002681                0900000000000010100000000000000000000000000000000000000   000000000000000000000000004        170192477882     
0010001300006U 060000000000000000000000000000000000000000000000000000000000000000000002049370000000002049370000000000000000000000000000001012202411122024            000000000000000                              000                           
0010001300007T 0601897X0000000092096 24778822400002981   700000000000298119122024000000000131913341001360000002981                0900000000000010100000000000000000000000000000000000000   000000000000000000000000004        170192477882     
0010001300008U 060000000000000000000000000000000000000000000000000000000000000000000001319130000000001319130000000000000000000000000000001012202411122024            000000000000000                              000                           
0010001300009T 0601897X0000000092096 24778822400003125   700000000000312519122024000000000117107104029770000003125                0900000000000010100000000000000000000000000000000000000   000000000000000000000000004        170192477882     
0010001300010U 060000000000000000000000000000000000000000000000000000000000000000000001171070000000001171070000000000000000000000000000001012202411122024            000000000000000                              000                           
0010001300011T 0601897X0000000092096 24778822400003941   700000000000394119122024000000000059285748054240000003941                0900000000000010100000000000000000000000000000000000000   000000000000000000000000004        170192477882     
0010001300012U 060000000000000000000000000000000000000000000000000000000000000000000000592850000000000592850000000000000000000000000000001012202411122024            000000000000000                              000                           
0010001300013T 0601897X0000000092096 24778822400004253   700000000000425319122024000000000050642341088490000004253                0900000000000010100000000000000000000000000000000000000   000000000000000000000000004        170192477882     
0010001300014U 060000000000000000000000000000000000000000000000000000000000000000000000506420000000000506420000000000000000000000000000001012202411122024            000000000000000                              000                           
0010001300015T 0601897X0000000092096 24778822400004365   700000000000436519122024000000000044596033043780000004365                0900000000000010100000000000000000000000000000000000000   000000000000000000000000004        170192477882     
0010001300016U 060000000000000000000000000000000000000000000000000000000000000000000000445960000000000445960000000000000000000000000000001012202411122024            000000000000000                              000                           
0010001300017T 0601897X0000000092096 24778822400004993   70000000000049931912202400000000003212500103584X000004993                0900000000000010060000000000000000000000000000000000000   000000000000000000000000033        170192477882     
0010001300018U 060000000000000000000000000000000000000000000000000000000000000000000000321250000000000321250000000000000000000000000000001012202411122024            000000000000000                              000                           
0010001300019T 0601897X0000000092096 24778822400005097   700000000000509719122024000000000030329033003030000005097                0900000000000010100000000000000000000000000000000000000   000000000000000000000000004        170192477882     
0010001300020U 060000000000000000000000000000000000000000000000000000000000000000000000303290000000000303290000000000000000000000000000001012202411122024            000000000000000                              000                           
0010001300021T 0601897X0000000092096 24778822400005421   700000000000542119122024000000000024926033030750000005421                0900000000000010100000000000000000000000000000000000000   000000000000000000000000004        170192477882     
0010001300022U 060000000000000000000000000000000000000000000000000000000000000000000000249260000000000249260000000000000000000000000000001012202411122024            000000000000000                              000                           
0010001300023T 0601897X0000000092096 24778822400005465   700000000000546519122024000000000023863237005200000005465                0900000000000010100000000000000000000000000000000000000   000000000000000000000000004        170192477882     
0010001300024U 060000000000000000000000000000000000000000000000000000000000000000000000238630000000000238630000000000000000000000000000001012202411122024            000000000000000                              000                           
0010001300025T 0601897X0000000092096 24778822400005673   700000000000567319122024000000000021958756013660000005673                0900000000000010100000000000000000000000000000000000000   000000000000000000000000004        170192477882     
0010001300026U 060000000000000000000000000000000000000000000000000000000000000000000000219580000000000219580000000000000000000000000000001012202411122024            000000000000000                              000                           
0010001300027T 0601897X0000000092096 24778829000008445   7000008445      31122024000000000071871341026900000008445                0900000000000010100000000000000000000000000000000000000   000000000000000000000000004        170192477882     
0010001300028U 060000000000000000000000000000000000000000000000000000000000000000000000718710000000000718710000000000000000000000000000001012202411122024            000000000000000                              000                           
0010001300029T 0901897X0000000092096 24778822400003976   700000000000397629112024000000000058553001003409000003976                0900000000000000000000000000000000000000000000000000000   000000000000000000000037210        170192477882     
0010001300030U 090000000000000000000000000000000000000000000000000000000000000000000000000000000000000000000000000000000000000000000000001012202400000000            000000000000000                              000                           
0010001300031T 0901897X0000000092096 24778822400003977   700000000000397719122024000000000058553001003409000003977                0900000000000000000000000000000000000000000000000000000   000000000000000000000037210        170192477882     
0010001300032U 090000000000000000000000000000000000000000000000000000000000000000000000000000000000000000000000000000000000000000000000001012202400000000            000000000000000                              000                           
00100015         000034001214000000005647809590000000000000000000000000000000000000000000000000000000000000000000000000000000000000000000000000000                                                                                              
00199999         000001000036000000                                                                                                                                                            00000000000000000000000000000                    
