00100000         2115139610001160035457790014       01897X0000000092096 FUNDACAO AGENCIA DAS BACIAS HIBANCO DO BRASIL                         20409202401461300046703000000829973081PROCESSAMEN                                                 
00100011T0100020 20115139610001160035457790014       01897X0000000092096 FUNDACAO AGENCIA DAS BACIAS HI                                                                                000000000409202400000000  000000000                      
00100015         000002000000000000000000000000000000000000000000000000000000000000000000000000000000000000000000000000000000000000000000000000000                                                                                              
00199999         000001000004000000                                                                                                                                                            00000000000000000000000000000                    
