00100000         2115139610001160024778820014       01897X0000000092096 FUNDACAO AGENCIA DAS BACIAS HIBANCO DO BRASIL                         20310202402005700577903000000829973081PROCESSAMEN                                                 
00100011T0100020 20115139610001160024778820014       01897X0000000092096 FUNDACAO AGENCIA DAS BACIAS HI                                                                                000000000310202400000000  000000000                      
0010001300001T 0201897X0000000092096 24778829000008254   7000008254      31102024000000000160088001043036000008254                0900000000000010500000000000000000000000000000000000000   0000000000000000000000496A9A4      170192477882     
0010001300002U 020000000000000000000000000000000000000000000000000000000000000000000000000000000000000000000000000000000000000000000000000310202400000000            000000000000000                              000                           
0010001300003T 0601897X0000000092096 24778822400000192   700000000000019204102024000000000065873341031000000000192                0900000000000010100000000000000000000000000000000000000   000000000000000000000000004        170192477882     
0010001300004U 060000000000000000000000000000000000000000000000000000000000000000000000658730000000000658730000000000000000000000000000000310202404102024            000000000000000                              000                           
0010001300005T 0601897X0000000092096 24778822400000362   700000000000036204102024000000000035132341002790000000362                0900000000000010100000000000000000000000000000000000000   000000000000000000000000004        170192477882     
0010001300006U 060000000000000000000000000000000000000000000000000000000000000000000000351320000000000351320000000000000000000000000000000310202404102024            000000000000000                              000                           
0010001300007T 0601897X0000000092096 24778822400000393   70000000000003933009202400000000003359700101852X000000393                0900000000000010060000000000000000000000000000000000000   000000000000000000000000033        170192477882     
0010001300008U 060000000000007040000000000000000000000000000000000000000000000000000000343010000000000343010000000000000000000000000000000310202404102024            000000000000000                              000                           
0010001300009T 0601897X0000000092096 24778822400001277   700000000000127704102024000000000023768001041467000001277                0900000000000010040000000000000000000000000000000000000   000000000000000000000000034        170192477882     
0010001300010U 060000000000000000000000000000000000000000000000000000000000000000000000237680000000000237680000000000000000000000000000000310202404102024            000000000000000                              000                           
0010001300011T 0601897X0000000092096 24778822400002658   700000000000265830092024000000000208223341009120000002658                0900000000000010100000000000000000000000000000000000000   000000000000000000000000004        170192477882     
0010001300012U 060000000000043720000000000000000000000000000000000000000000000000000002125950000000002125950000000000000000000000000000000310202404102024            000000000000000                              000                           
0010001300013T 0601897X0000000092096 24778822400002986   700000000000298630092024000000000131745237008920000002986                0900000000000010100000000000000000000000000000000000000   000000000000000000000000004        170192477882     
0010001300014U 060000000000027650000000000000000000000000000000000000000000000000000001345100000000001345100000000000000000000000000000000310202404102024            000000000000000                              000                           
0010001300015T 0601897X0000000092096 24778822400004990   70000000000049903009202400000000003212600103584X000004990                0900000000000010060000000000000000000000000000000000000   000000000000000000000000033        170192477882     
0010001300016U 060000000000006740000000000000000000000000000000000000000000000000000000328000000000000328000000000000000000000000000000000310202404102024            000000000000000                              000                           
0010001300017T 0601897X0000000092096 24778822400005386   700000000000538630092024000000000025532341001360000005386                0900000000000010100000000000000000000000000000000000000   000000000000000000000000004        170192477882     
0010001300018U 060000000000005350000000000000000000000000000000000000000000000000000000260670000000000260670000000000000000000000000000000310202404102024            000000000000000                              000                           
0010001300019T 0601897X0000000092096 24778822400005606   700000000000560604102024000000000021956237025610000005606                0900000000000010100000000000000000000000000000000000000   000000000000000000000000004        170192477882     
0010001300020U 060000000000000000000000000000000000000000000000000000000000000000000000219560000000000219560000000000000000000000000000000310202404102024            000000000000000                              000                           
0010001300021T 0601897X0000000092096 24778829000008177   7000008177      04102024000000019161716001022543000008177                0900000000000010040000000000000000000000000000000000000   000000000000000000000000034        170192477882     
0010001300022U 060000000000000000000000000000000000000000000000000000000000000000000191617160000000191617160000000000000000000000000000000310202404102024            000000000000000                              000                           
0010001300023T 1401897X0000000092096 24778822400000009   70000000000000090710202400000000108637400101849X000000009                0900000000000000000000000000000000000000000000000000000   000000000000000000000000000        170192477882     
0010001300024U 140000000000000000000000000000000000000000000000000000000000000000000000000000000000000000000000000000000000000000000000000310202400000000            000000000000000                              000                           
0010001300025T 1401897X0000000092096 24778822400000018   70000000000000180710202400000000067336300101849X000000018                0900000000000000000000000000000000000000000000000000000   000000000000000000000000000        170192477882     
0010001300026U 140000000000000000000000000000000000000000000000000000000000000000000000000000000000000000000000000000000000000000000000000310202400000000            000000000000000                              000                           
0010001300027T 1401897X0000000092096 24778822400000119   700000000000011904102024000000000118044001003018000000119                0900000000000000000000000000000000000000000000000000000   000000000000000000000000000        170192477882     
0010001300028U 140000000000000000000000000000000000000000000000000000000000000000000000000000000000000000000000000000000000000000000000000310202400000000            000000000000000                              000                           
0010001300029T 1401897X0000000092096 24778822400000220   700000000000022004102024000000000054123001003409000000220                0900000000000000000000000000000000000000000000000000000   000000000000000000000000000        170192477882     
0010001300030U 140000000000000000000000000000000000000000000000000000000000000000000000000000000000000000000000000000000000000000000000000310202400000000            000000000000000                              000                           
0010001300031T 1401897X0000000092096 24778822400000275   700000000000027511102024000000000039816001005789000000275                0900000000000000000000000000000000000000000000000000000   000000000000000000000000000        170192477882     
0010001300032U 140000000000000000000000000000000000000000000000000000000000000000000000000000000000000000000000000000000000000000000000000310202400000000            000000000000000                              000                           
0010001300033T 1401897X0000000092096 24778822400000333   700000000000033311102024000000000036596001005789000000333                0900000000000000000000000000000000000000000000000000000   000000000000000000000000000        170192477882     
0010001300034U 140000000000000000000000000000000000000000000000000000000000000000000000000000000000000000000000000000000000000000000000000310202400000000            000000000000000                              000                           
0010001300035T 1401897X0000000092096 24778822400000464   700000000000046410102024000000000030139001004154000000464                0900000000000000000000000000000000000000000000000000000   000000000000000000000000000        170192477882     
0010001300036U 140000000000000000000000000000000000000000000000000000000000000000000000000000000000000000000000000000000000000000000000000310202400000000            000000000000000                              000                           
0010001300037T 1401897X0000000092096 24778822400003526   700000000000352607102024000000000078884001003409000003526                0900000000000000000000000000000000000000000000000000000   000000000000000000000000000        170192477882     
0010001300038U 140000000000000000000000000000000000000000000000000000000000000000000000000000000000000000000000000000000000000000000000000310202400000000            000000000000000                              000                           
0010001300039T 1401897X0000000092096 24778822400004150   700000000000415007102024000000000053590001003190000004150                0900000000000000000000000000000000000000000000000000000   000000000000000000000000000        170192477882     
0010001300040U 140000000000000000000000000000000000000000000000000000000000000000000000000000000000000000000000000000000000000000000000000310202400000000            000000000000000                              000                           
0010001300041T 1401897X0000000092096 24778822400004366   700000000000436604102024000000000044376001014753000004366                0900000000000000000000000000000000000000000000000000000   000000000000000000000000000        170192477882     
0010001300042U 140000000000000000000000000000000000000000000000000000000000000000000000000000000000000000000000000000000000000000000000000310202400000000            000000000000000                              000                           
0010001300043T 1401897X0000000092096 24778822400005434   700000000000543410102024000000000024663001001724000005434                0900000000000000000000000000000000000000000000000000000   000000000000000000000000000        170192477882     
0010001300044U 140000000000000000000000000000000000000000000000000000000000000000000000000000000000000000000000000000000000000000000000000310202400000000            000000000000000                              000                           
00100015         000046004312000000015592354550000000000000000000000000000000000000000000000000000000000000000000000000000000000000000000000000000                                                                                              
00199999         000001000048000000                                                                                                                                                            00000000000000000000000000000                    
