00100000         2115139610001160024778820014       01897X0000000092096 FUNDACAO AGENCIA DAS BACIAS HIBANCO DO BRASIL                         22712202402021200589503000000829973081PROCESSAMEN                                                 
00100011T0100020 20115139610001160024778820014       01897X0000000092096 FUNDACAO AGENCIA DAS BACIAS HI                                                                                000000002712202400000000  000000000                      
0010001300001T 0201897X0000000092096 24778829000008475   7000008475      22012025000000000055375001003409000008475                0900000000000010000000000000000000000000000000000000000   0000000000000000000000519A9        170192477882     
0010001300002U 020000000000000000000000000000000000000000000000000000000000000000000000000000000000000000000000000000000000000000000000002712202400000000            000000000000000                              000                           
0010001300003T 0601897X0000000092096 24778822400005225   700000000000522519122024000000000028307341080310000005225                0900000000000010100000000000000000000000000000000000000   000000000000000000000000004        170192477882     
0010001300004U 060000000000006410000000000000000000000000000000000000000000000000000000289480000000000289480000000000000000000000000000002712202430122024            000000000000000                              000                           
0010001300005T 0601897X0000000092096 24778829000008466   7000008466      27122024000000000153689001030708000008466                0900000000000010090000000000000000000000000000000000000   000000000000000000000000006        170192477882     
0010001300006U 060000000000000000000000000000000000000000000000000000000000000000000001536890000000001536890000000000000000000000000000002712202430122024            000000000000000                              000                           
0010001300007T 0601897X0000000092096 24778829000008469   7000008469      27122024000000000152694001030708000008469                0900000000000010090000000000000000000000000000000000000   000000000000000000000000006        170192477882     
0010001300008U 060000000000000000000000000000000000000000000000000000000000000000000001526940000000001526940000000000000000000000000000002712202430122024            000000000000000                              000                           
00100015         000010000533000000001244449710000000000000000000000000000000000000000000000000000000000000000000000000000000000000000000000000000                                                                                              
00199999         000001000012000000                                                                                                                                                            00000000000000000000000000000                    
