00100000         2115139610001160024778820014       01897X0000000092096 FUNDACAO AGENCIA DAS BACIAS HIBANCO DO BRASIL                         20201202402401700547103000000829973081PROCESSAMEN                                                 
00100011T0100020 20115139610001160024778820014       01897X0000000092096 FUNDACAO AGENCIA DAS BACIAS HI                                                                                000000000201202400000000  000000000                      
0010001300001T 0601897X0000000092096 24778822230003332   700000000000333222122023000000000075353033036890000003332                0900000000000010100000000000000000000000000000000000000   000000000000000000000000004        170192477882     
0010001300002U 060000000000017830000000000000000000000000000000000000000000000000000000771360000000000771360000000000000000000000000000000201202403012024            000000000000000                              000                           
0010001300003T 0601897X0000000092096 24778822230003878   700000000000387822122023000000006122044001006998000003878                0900000000000010040000000000000000000000000000000000000   000000000000000000000000034        170192477882     
0010001300004U 060000000001448650000000000000000000000000000000000000000000000000000062669090000000062669090000000000000000000000000000000201202403012024            000000000000000                              000                           
0010001300005T 0601897X0000000092096 24778829000007888   7000007888      29122023000000000027619341040530000007888                0900000000000010100000000000000000000000000000000000000   000000000000000000000000004        170192477882     
0010001300006U 060000000000000000000000000000000000000000000000000000000000000000000000276190000000000276190000000000000000000000000000000201202403012024            000000000000000                              000                           
00100015         000008000258000000002089432630000000000000000000000000000000000000000000000000000000000000000000000000000000000000000000000000000                                                                                              
00199999         000001000010000000                                                                                                                                                            00000000000000000000000000000                    
