00100000         2115139610001160024778820014       01897X0000000092096 FUNDACAO AGENCIA DAS BACIAS HIBANCO DO BRASIL                         20509202402000200573903000000829973081PROCESSAMEN                                                 
00100011T0100020 20115139610001160024778820014       01897X0000000092096 FUNDACAO AGENCIA DAS BACIAS HI                                                                                000000000509202400000000  000000000                      
0010001300001T 0901897X0000000092096 24778822400000363   700000000000036330092024000000000035132001009296000000363                0900000000000000000000000000000000000000000000000000000   000000000000000000000037210        170192477882     
0010001300002U 090000000000000000000000000000000000000000000000000000000000000000000000000000000000000000000000000000000000000000000000000509202400000000            000000000000000                              000                           
00100015         000004005905000000021427860480000000000000000000000000000000000000000000000000000000000000000000000000000000000000000000000000000                                                                                              
00199999         000001000006000000                                                                                                                                                            00000000000000000000000000000                    
