00100000         2115139610001160024778820014       01897X0000000092096 FUNDACAO AGENCIA DAS BACIAS HIBANCO DO BRASIL                         21709202402021500575503000000829973081PROCESSAMEN                                                 
00100011T0100020 20115139610001160024778820014       01897X0000000092096 FUNDACAO AGENCIA DAS BACIAS HI                                                                                000000001709202400000000  000000000                      
0010001300001T 0601897X0000000092096 24778822400000636   700000000000063630092024000000000025026001028576000000636                0900000000000010040000000000000000000000000000000000000   000000000000000000000000034        170192477882     
0010001300002U 060000000000000000000000000000000000000000000000000000000000000000000000250260000000000250260000000000000000000000000000001709202418092024            000000000000000                              000                           
0010001300003T 0601897X0000000092096 24778822400000961   700000000000096130092024000000000012044104047920000000961                0900000000000010100000000000000000000000000000000000000   000000000000000000000000004        170192477882     
0010001300004U 060000000000000000000000000000000000000000000000000000000000000000000000120440000000000120440000000000000000000000000000001709202418092024            000000000000000                              000                           
0010001300005T 0601897X0000000092096 24778822400001584   700000000000158430092024000000000024913104024720000001584                0900000000000010100000000000000000000000000000000000000   000000000000000000000000004        170192477882     
0010001300006U 060000000000000000000000000000000000000000000000000000000000000000000000249130000000000249130000000000000000000000000000001709202418092024            000000000000000                              000                           
0010001300007T 0601897X0000000092096 24778822400001585   700000000000158531102024000000000024913104024720000001585                0900000000000010100000000000000000000000000000000000000   000000000000000000000000004        170192477882     
0010001300008U 060000000000000000000000000000000000000000000000000000000000000000000000249130000000000249130000000000000000000000000000001709202418092024            000000000000000                              000                           
0010001300009T 0601897X0000000092096 24778822400001586   700000000000158629112024000000000024913104024720000001586                0900000000000010100000000000000000000000000000000000000   000000000000000000000000004        170192477882     
0010001300010U 060000000000000000000000000000000000000000000000000000000000000000000000249130000000000249130000000000000000000000000000001709202418092024            000000000000000                              000                           
0010001300011T 0601897X0000000092096 24778822400002450   700000000000245030092024000000000323745237003330000002450                0900000000000010100000000000000000000000000000000000000   000000000000000000000000004        170192477882     
0010001300012U 060000000000000000000000000000000000000000000000000000000000000000000003237450000000003237450000000000000000000000000000001709202418092024            000000000000000                              000                           
0010001300013T 0601897X0000000092096 24778829000008169   7000008169      30082024000000000033747756005720000008169                0900000000000010100000000000000000000000000000000000000   000000000000000000000000004        170192477882     
0010001300014U 060000000000008760000000000000000000000000000000000000000000000000000000346230000000000346230000000000000000000000000000001709202418092024            000000000000000                              000                           
0010001300015T 0901897X0000000092096 24778822400003510   700000000000351030092024000000000079595001000566000003510                0900000000000000000000000000000000000000000000000000000   000000000000000000000037210        170192477882     
0010001300016U 090000000000000000000000000000000000000000000000000000000000000000000000000000000000000000000000000000000000000000000000001709202400000000            000000000000000                              000                           
0010001300017T 0901897X0000000092096 24778822400003511   700000000000351131102024000000000079596001000566000003511                0900000000000000000000000000000000000000000000000000000   000000000000000000000037210        170192477882     
0010001300018U 090000000000000000000000000000000000000000000000000000000000000000000000000000000000000000000000000000000000000000000000001709202400000000            000000000000000                              000                           
0010001300019T 0901897X0000000092096 24778822400003512   700000000000351229112024000000000079596001000566000003512                0900000000000000000000000000000000000000000000000000000   000000000000000000000037210        170192477882     
0010001300020U 090000000000000000000000000000000000000000000000000000000000000000000000000000000000000000000000000000000000000000000000001709202400000000            000000000000000                              000                           
0010001300021T 0901897X0000000092096 24778822400003513   700000000000351319122024000000000079596001000566000003513                0900000000000000000000000000000000000000000000000000000   000000000000000000000037210        170192477882     
0010001300022U 090000000000000000000000000000000000000000000000000000000000000000000000000000000000000000000000000000000000000000000000001709202400000000            000000000000000                              000                           
0010001300023T 5201897X0000000092096 24778822400004078   700000000000407830092024000000000056163001003409000004078                0900000000000000000000000000000000000000000000000000000   000000000000000000000000000        170192477882     
0010001300024U 520000000000000000000000000000000000000000000000000000000000000000000000000000000000000000000000000000000000000000000000001709202400000000            000000000000000                              000                           
0010001300025T 5201897X0000000092096 24778822400004079   700000000000407931102024000000000056163001003409000004079                0900000000000000000000000000000000000000000000000000000   000000000000000000000000000        170192477882     
0010001300026U 520000000000000000000000000000000000000000000000000000000000000000000000000000000000000000000000000000000000000000000000001709202400000000            000000000000000                              000                           
0010001300027T 5201897X0000000092096 24778822400004080   700000000000408029112024000000000056163001003409000004080                0900000000000000000000000000000000000000000000000000000   000000000000000000000000000        170192477882     
0010001300028U 520000000000000000000000000000000000000000000000000000000000000000000000000000000000000000000000000000000000000000000000001709202400000000            000000000000000                              000                           
0010001300029T 5201897X0000000092096 24778822400004081   700000000000408119122024000000000056163001003409000004081                0900000000000000000000000000000000000000000000000000000   000000000000000000000000000        170192477882     
0010001300030U 520000000000000000000000000000000000000000000000000000000000000000000000000000000000000000000000000000000000000000000000001709202400000000            000000000000000                              000                           
0010001300031T 5201897X0000000092096 24778822400004306   700000000000430630092024000000000047574001006998000004306                0900000000000000000000000000000000000000000000000000000   000000000000000000000000000        170192477882     
0010001300032U 520000000000000000000000000000000000000000000000000000000000000000000000000000000000000000000000000000000000000000000000001709202400000000            000000000000000                              000                           
0010001300033T 5201897X0000000092096 24778822400004307   700000000000430731102024000000000047575001006998000004307                0900000000000000000000000000000000000000000000000000000   000000000000000000000000000        170192477882     
0010001300034U 520000000000000000000000000000000000000000000000000000000000000000000000000000000000000000000000000000000000000000000000001709202400000000            000000000000000                              000                           
0010001300035T 5201897X0000000092096 24778822400004308   700000000000430829112024000000000047575001006998000004308                0900000000000000000000000000000000000000000000000000000   000000000000000000000000000        170192477882     
0010001300036U 520000000000000000000000000000000000000000000000000000000000000000000000000000000000000000000000000000000000000000000000001709202400000000            000000000000000                              000                           
0010001300037T 5201897X0000000092096 24778822400004309   700000000000430919122024000000000047575001006998000004309                0900000000000000000000000000000000000000000000000000000   000000000000000000000000000        170192477882     
0010001300038U 520000000000000000000000000000000000000000000000000000000000000000000000000000000000000000000000000000000000000000000000001709202400000000            000000000000000                              000                           
0010001300039T 5201897X0000000092096 24778829000008191   7000008191      30092024000000000256963001003409000008191                0900000000000000000000000000000000000000000000000000000   000000000000000000000000000        170192477882     
0010001300040U 520000000000000000000000000000000000000000000000000000000000000000000000000000000000000000000000000000000000000000000000001709202400000000            000000000000000                              000                           
0010001300041T 1401897X0000000092096 24778822400002786   70000000000027861510202400000000017046100101849X000002786                0900000000000000000000000000000000000000000000000000000   000000000000000000000000000        170192477882     
0010001300042U 140000000000000000000000000000000000000000000000000000000000000000000000000000000000000000000000000000000000000000000000001709202400000000            000000000000000                              000                           
00100015         000044005818000000020861759050000000000000000000000000000000000000000000000000000000000000000000000000000000000000000000000000000                                                                                              
00199999         000001000046000000                                                                                                                                                            00000000000000000000000000000                    
