00100000         2115139610001160024778820014       01897X0000000092096 FUNDACAO AGENCIA DAS BACIAS HIBANCO DO BRASIL                         20912202402095600586903000000829973081PROCESSAMEN                                                 
00100011T0100020 20115139610001160024778820014       01897X0000000092096 FUNDACAO AGENCIA DAS BACIAS HI                                                                                000000000912202400000000  000000000                      
0010001300001T 0201897X0000000092096 24778829000008448   7000008448      31122024000000000389389001009946000008448                0900000000000010500000000000000000000000000000000000000   0000000000000000000000496A9A4      170192477882     
0010001300002U 020000000000000000000000000000000000000000000000000000000000000000000000000000000000000000000000000000000000000000000000000912202400000000            000000000000000                              000                           
0010001300003T 0201897X0000000092096 24778829000008449   7000008449      3101202500000000134102800100264X000008449                0900000000000010000000000000000000000000000000000000000   0000000000000000000000496A9        170192477882     
0010001300004U 020000000000000000000000000000000000000000000000000000000000000000000000000000000000000000000000000000000000000000000000000912202400000000            000000000000000                              000                           
0010001300005T 0201897X0000000092096 24778829000008450   7000008450      31122024000000000102568001000566000008450                0900000000000010500000000000000000000000000000000000000   0000000000000000000000496A9A4      170192477882     
0010001300006U 020000000000000000000000000000000000000000000000000000000000000000000000000000000000000000000000000000000000000000000000000912202400000000            000000000000000                              000                           
0010001300007T 0601897X0000000092096 24778822400002068   700000000000206829112024000000004258695001009741000002068                0900000000000010040000000000000000000000000000000000000   000000000000000000000000034        170192477882     
0010001300008U 060000000000993540000000000000000000000000000000000000000000000000000043580490000000043580490000000000000000000000000000000912202410122024            000000000000000                              000                           
0010001300009T 0601897X0000000092096 24778822400002993   700000000000299319122024000000000131744237003150000002993                0900000000000010100000000000000000000000000000000000000   000000000000000000000000004        170192477882     
0010001300010U 060000000000000000000000000000000000000000000000000000000000000000000001317440000000001317440000000000000000000000000000000912202410122024            000000000000000                              000                           
0010001300011T 0601897X0000000092096 24778822400003169   700000000000316919122024000000000112147237006050000003169                0900000000000010100000000000000000000000000000000000000   000000000000000000000000004        170192477882     
0010001300012U 060000000000000000000000000000000000000000000000000000000000000000000001121470000000001121470000000000000000000000000000000912202410122024            000000000000000                              000                           
0010001300013T 0601897X0000000092096 24778822400003537   700000000000353719122024000000000078721341014030000003537                0900000000000010100000000000000000000000000000000000000   000000000000000000000000004        170192477882     
0010001300014U 060000000000000000000000000000000000000000000000000000000000000000000000787210000000000787210000000000000000000000000000000912202410122024            000000000000000                              000                           
0010001300015T 0601897X0000000092096 24778822400004285   700000000000428519122024000000000049427341009100000004285                0900000000000010100000000000000000000000000000000000000   000000000000000000000000004        170192477882     
0010001300016U 060000000000000000000000000000000000000000000000000000000000000000000000494270000000000494270000000000000000000000000000000912202410122024            000000000000000                              000                           
0010001300017T 0601897X0000000092096 24778822400004713   700000000000471319122024000000000036496341004450000004713                0900000000000010100000000000000000000000000000000000000   000000000000000000000000004        170192477882     
0010001300018U 060000000000000000000000000000000000000000000000000000000000000000000000364960000000000364960000000000000000000000000000000912202410122024            000000000000000                              000                           
0010001300019T 0601897X0000000092096 24778822400005109   700000000000510919122024000000000030169341002770000005109                0900000000000010100000000000000000000000000000000000000   000000000000000000000000004        170192477882     
0010001300020U 060000000000000000000000000000000000000000000000000000000000000000000000301690000000000301690000000000000000000000000000000912202410122024            000000000000000                              000                           
0010001300021T 0601897X0000000092096 24778822400005609   700000000000560919122024000000000021958341018740000005609                0900000000000010100000000000000000000000000000000000000   000000000000000000000000004        170192477882     
0010001300022U 060000000000000000000000000000000000000000000000000000000000000000000000219580000000000219580000000000000000000000000000000912202410122024            000000000000000                              000                           
0010001300023T 0601897X0000000092096 24778822400005625   700000000000562519122024000000000021958033001940000005625                0900000000000010100000000000000000000000000000000000000   000000000000000000000000004        170192477882     
0010001300024U 060000000000000000000000000000000000000000000000000000000000000000000000219580000000000219580000000000000000000000000000000912202410122024            000000000000000                              000                           
0010001300025T 0601897X0000000092096 24778829000008439   7000008439      31122024000000000408369237030410000008439                0900000000000010100000000000000000000000000000000000000   000000000000000000000000004        170192477882     
0010001300026U 060000000000000000000000000000000000000000000000000000000000000000000004083690000000004083690000000000000000000000000000000912202410122024            000000000000000                              000                           
0010001300027T 0901897X0000000092096 24778822400001859   700000000000185929112024000000000021958001009946000001859                0900000000000000000000000000000000000000000000000000000   000000000000000000000037210        170192477882     
0010001300028U 090000000000000000000000000000000000000000000000000000000000000000000000000000000000000000000000000000000000000000000000000912202400000000            000000000000000                              000                           
0010001300029T 0901897X0000000092096 24778822400004352   700000000000435229112024000000000045304001009946000004352                0900000000000000000000000000000000000000000000000000000   000000000000000000000037210        170192477882     
0010001300030U 090000000000000000000000000000000000000000000000000000000000000000000000000000000000000000000000000000000000000000000000000912202400000000            000000000000000                              000                           
00100015         000032001230000000005667434350000000000000000000000000000000000000000000000000000000000000000000000000000000000000000000000000000                                                                                              
00199999         000001000034000000                                                                                                                                                            00000000000000000000000000000                    
