00100000         2115139610001160024778820014       01897X0000000092096 FUNDACAO AGENCIA DAS BACIAS HIBANCO DO BRASIL                         20605202402114500560603000000829973081PROCESSAMEN                                                 
00100011T0100020 20115139610001160024778820014       01897X0000000092096 FUNDACAO AGENCIA DAS BACIAS HI                                                                                000000000605202400000000  000000000                      
0010001300001T 0201897X0000000092096 24778829000008073   7000008073      31052024000000000110979001069833000008073                0900000000000010500000000000000000000000000000000000000   0000000000000000000000496A9A4      170192477882     
0010001300002U 020000000000000000000000000000000000000000000000000000000000000000000000000000000000000000000000000000000000000000000000000605202400000000            000000000000000                              000                           
0010001300003T 0201897X0000000092096 24778829000008074   7000008074      3105202400000000006063800101849X000008074                0900000000000010000000000000000000000000000000000000000   0000000000000000000000496A9        170192477882     
0010001300004U 020000000000000000000000000000000000000000000000000000000000000000000000000000000000000000000000000000000000000000000000000605202400000000            000000000000000                              000                           
0010001300005T 0201897X0000000092096 24778829000008075   7000008075      2806202400000000006063800101849X000008075                0900000000000010000000000000000000000000000000000000000   0000000000000000000000496A9        170192477882     
0010001300006U 020000000000000000000000000000000000000000000000000000000000000000000000000000000000000000000000000000000000000000000000000605202400000000            000000000000000                              000                           
0010001300007T 0201897X0000000092096 24778829000008076   7000008076      3107202400000000006063800101849X000008076                0900000000000010000000000000000000000000000000000000000   0000000000000000000000496A9        170192477882     
0010001300008U 020000000000000000000000000000000000000000000000000000000000000000000000000000000000000000000000000000000000000000000000000605202400000000            000000000000000                              000                           
0010001300009T 0201897X0000000092096 24778829000008077   7000008077      3008202400000000006063800101849X000008077                0900000000000010000000000000000000000000000000000000000   0000000000000000000000496A9        170192477882     
0010001300010U 020000000000000000000000000000000000000000000000000000000000000000000000000000000000000000000000000000000000000000000000000605202400000000            000000000000000                              000                           
0010001300011T 0201897X0000000092096 24778829000008078   7000008078      3009202400000000006063800101849X000008078                0900000000000010000000000000000000000000000000000000000   0000000000000000000000496A9        170192477882     
0010001300012U 020000000000000000000000000000000000000000000000000000000000000000000000000000000000000000000000000000000000000000000000000605202400000000            000000000000000                              000                           
0010001300013T 0201897X0000000092096 24778829000008079   7000008079      3110202400000000006063800101849X000008079                0900000000000010000000000000000000000000000000000000000   0000000000000000000000496A9        170192477882     
0010001300014U 020000000000000000000000000000000000000000000000000000000000000000000000000000000000000000000000000000000000000000000000000605202400000000            000000000000000                              000                           
0010001300015T 0201897X0000000092096 24778829000008080   7000008080      2911202400000000006063800101849X000008080                0900000000000010000000000000000000000000000000000000000   0000000000000000000000496A9        170192477882     
0010001300016U 020000000000000000000000000000000000000000000000000000000000000000000000000000000000000000000000000000000000000000000000000605202400000000            000000000000000                              000                           
0010001300017T 0201897X0000000092096 24778829000008081   7000008081      3112202400000000006063800101849X000008081                0900000000000010000000000000000000000000000000000000000   0000000000000000000000496A9        170192477882     
0010001300018U 020000000000000000000000000000000000000000000000000000000000000000000000000000000000000000000000000000000000000000000000000605202400000000            000000000000000                              000                           
0010001300019T 0201897X0000000092096 24778829000008082   7000008082      3101202500000000006063800101849X000008082                0900000000000010000000000000000000000000000000000000000   0000000000000000000000496A9        170192477882     
0010001300020U 020000000000000000000000000000000000000000000000000000000000000000000000000000000000000000000000000000000000000000000000000605202400000000            000000000000000                              000                           
0010001300021T 0201897X0000000092096 24778829000008083   7000008083      2802202500000000006063800101849X000008083                0900000000000010000000000000000000000000000000000000000   0000000000000000000000496A9        170192477882     
0010001300022U 020000000000000000000000000000000000000000000000000000000000000000000000000000000000000000000000000000000000000000000000000605202400000000            000000000000000                              000                           
0010001300023T 0901897X0000000092096 24778829000008069   7000008069      30042024000000000029735001003409000008069                0900000000000000000000000000000000000000000000000000000   000000000000000000000037210        170192477882     
0010001300024U 090000000000000000000000000000000000000000000000000000000000000000000000000000000000000000000000000000000000000000000000000605202400000000            000000000000000                              000                           
0010001300025T 0901897X0000000092096 24778829000008070   7000008070      30042024000000000034016001003409000008070                0900000000000000000000000000000000000000000000000000000   000000000000000000000037210        170192477882     
0010001300026U 090000000000000000000000000000000000000000000000000000000000000000000000000000000000000000000000000000000000000000000000000605202400000000            000000000000000                              000                           
00100015         000028000029000000000662842160000000000000000000000000000000000000000000000000000000000000000000000000000000000000000000000000000                                                                                              
00199999         000001000030000000                                                                                                                                                            00000000000000000000000000000                    
