00100000         2115139610001160024778820014       01897X0000000092096 FUNDACAO AGENCIA DAS BACIAS HIBANCO DO BRASIL                         20202202401543100551303000000829973081PROCESSAMEN                                                 
00100011T0100020 20115139610001160024778820014       01897X0000000092096 FUNDACAO AGENCIA DAS BACIAS HI                                                                                000000000202202400000000  000000000                      
0010001300001T 0201897X0000000092096 24778829000008028   7000008028      29022024000000000855807001022004000008028                0900000000000010500000000000000000000000000000000000000   0000000000000000000000496A9A4      170192477882     
0010001300002U 020000000000000000000000000000000000000000000000000000000000000000000000000000000000000000000000000000000000000000000000000202202400000000            000000000000000                              000                           
0010001300003T 0901897X0000000092096 24778829000007763   7000007763      2912202300000000003553400101849X000007763                0900000000000000000000000000000000000000000000000000000   000000000000000000000037209        170192477882     
0010001300004U 090000000000000000000000000000000000000000000000000000000000000000000000000000000000000000000000000000000000000000000000000202202400000000            000000000000000                              000                           
0010001300005T 0901897X0000000092096 24778829000007978   7000007978      2912202300000000002290000101849X000007978                0900000000000000000000000000000000000000000000000000000   000000000000000000000037209        170192477882     
0010001300006U 090000000000000000000000000000000000000000000000000000000000000000000000000000000000000000000000000000000000000000000000000202202400000000            000000000000000                              000                           
0010001300007T 0901897X0000000092096 24778829000007983   7000007983      29122023000000000006483001003190000007983                0900000000000000000000000000000000000000000000000000000   000000000000000000000037209        170192477882     
0010001300008U 090000000000000000000000000000000000000000000000000000000000000000000000000000000000000000000000000000000000000000000000000202202400000000            000000000000000                              000                           
00100015         000010000033000000001636423590000000000000000000000000000000000000000000000000000000000000000000000000000000000000000000000000000                                                                                              
00199999         000001000012000000                                                                                                                                                            00000000000000000000000000000                    
