00100000         2115139610001160024778820014       01897X0000000092096 FUNDACAO AGENCIA DAS BACIAS HIBANCO DO BRASIL                         21009202402023800574503000000829973081PROCESSAMEN                                                 
00100011T0100020 20115139610001160024778820014       01897X0000000092096 FUNDACAO AGENCIA DAS BACIAS HI                                                                                000000001009202400000000  000000000                      
0010001300001T 0201897X0000000092096 24778829000008210   7000008210      30092024000000000020123001043036000008210                0900000000000010500000000000000000000000000000000000000   0000000000000000000000496A9A4      170192477882     
0010001300002U 020000000000000000000000000000000000000000000000000000000000000000000000000000000000000000000000000000000000000000000000001009202400000000            000000000000000                              000                           
0010001300003T 0201897X0000000092096 24778829000008211   7000008211      31102024000000000020123001043036000008211                0900000000000010500000000000000000000000000000000000000   0000000000000000000000496A9A4      170192477882     
0010001300004U 020000000000000000000000000000000000000000000000000000000000000000000000000000000000000000000000000000000000000000000000001009202400000000            000000000000000                              000                           
0010001300005T 0201897X0000000092096 24778829000008212   7000008212      29112024000000000020123001043036000008212                0900000000000010500000000000000000000000000000000000000   0000000000000000000000496A9A4      170192477882     
0010001300006U 020000000000000000000000000000000000000000000000000000000000000000000000000000000000000000000000000000000000000000000000001009202400000000            000000000000000                              000                           
0010001300007T 0601897X0000000092096 24778822400000196   700000000000019630092024000000000064410341000410000000196                0900000000000010100000000000000000000000000000000000000   000000000000000000000000004        170192477882     
0010001300008U 060000000000000000000000000000000000000000000000000000000000000000000000644100000000000644100000000000000000000000000000001009202411092024            000000000000000                              000                           
0010001300009T 0601897X0000000092096 24778822400000281   700000000000028130092024000000000039523748053630000000281                0900000000000010100000000000000000000000000000000000000   000000000000000000000000004        170192477882     
0010001300010U 060000000000000000000000000000000000000000000000000000000000000000000000395230000000000395230000000000000000000000000000001009202411092024            000000000000000                              000                           
0010001300011T 0601897X0000000092096 24778822400000450   700000000000045030092024000000000030666033005190000000450                0900000000000010100000000000000000000000000000000000000   000000000000000000000000004        170192477882     
0010001300012U 060000000000000000000000000000000000000000000000000000000000000000000000306660000000000306660000000000000000000000000000001009202411092024            000000000000000                              000                           
0010001300013T 0601897X0000000092096 24778822400001545   700000000000154530092024000000000025790341000550000001545                0900000000000010100000000000000000000000000000000000000   000000000000000000000000004        170192477882     
0010001300014U 060000000000000000000000000000000000000000000000000000000000000000000000257900000000000257900000000000000000000000000000001009202411092024            000000000000000                              000                           
0010001300015T 0601897X0000000092096 24778822400001821   700000000000182130092024000000000022396033042770000001821                0900000000000010100000000000000000000000000000000000000   000000000000000000000000004        170192477882     
0010001300016U 060000000000000000000000000000000000000000000000000000000000000000000000223960000000000223960000000000000000000000000000001009202411092024            000000000000000                              000                           
0010001300017T 0601897X0000000092096 24778822400002366   700000000000236630092024000000000396396237030410000002366                0900000000000010100000000000000000000000000000000000000   000000000000000000000000004        170192477882     
0010001300018U 060000000000000000000000000000000000000000000000000000000000000000000003963960000000003963960000000000000000000000000000001009202411092024            000000000000000                              000                           
0010001300019T 0601897X0000000092096 24778822400004074   700000000000407430092024000000000056306341081470000004074                0900000000000010100000000000000000000000000000000000000   000000000000000000000000004        170192477882     
0010001300020U 060000000000000000000000000000000000000000000000000000000000000000000000563060000000000563060000000000000000000000000000001009202411092024            000000000000000                              000                           
0010001300021T 0901897X0000000092096 24778822400001968   700000000000196830092024000000000020123001043036000001968                0900000000000000000000000000000000000000000000000000000   000000000000000000000037210        170192477882     
0010001300022U 090000000000000000000000000000000000000000000000000000000000000000000000000000000000000000000000000000000000000000000000001009202400000000            000000000000000                              000                           
0010001300023T 0901897X0000000092096 24778822400001969   700000000000196931102024000000000020123001043036000001969                0900000000000000000000000000000000000000000000000000000   000000000000000000000037210        170192477882     
0010001300024U 090000000000000000000000000000000000000000000000000000000000000000000000000000000000000000000000000000000000000000000000001009202400000000            000000000000000                              000                           
0010001300025T 0901897X0000000092096 24778822400001970   700000000000197029112024000000000020123001043036000001970                0900000000000000000000000000000000000000000000000000000   000000000000000000000037210        170192477882     
0010001300026U 090000000000000000000000000000000000000000000000000000000000000000000000000000000000000000000000000000000000000000000000001009202400000000            000000000000000                              000                           
0010001300027T 5201897X0000000092096 24778822400001563   700000000000156330092024000000000025422001069833000001563                0900000000000000000000000000000000000000000000000000000   000000000000000000000000000        170192477882     
0010001300028U 520000000000000000000000000000000000000000000000000000000000000000000000000000000000000000000000000000000000000000000000001009202400000000            000000000000000                              000                           
0010001300029T 5201897X0000000092096 24778822400001564   700000000000156431102024000000000025423001069833000001564                0900000000000000000000000000000000000000000000000000000   000000000000000000000000000        170192477882     
0010001300030U 520000000000000000000000000000000000000000000000000000000000000000000000000000000000000000000000000000000000000000000000001009202400000000            000000000000000                              000                           
0010001300031T 5201897X0000000092096 24778822400001565   700000000000156529112024000000000025423001069833000001565                0900000000000000000000000000000000000000000000000000000   000000000000000000000000000        170192477882     
0010001300032U 520000000000000000000000000000000000000000000000000000000000000000000000000000000000000000000000000000000000000000000000001009202400000000            000000000000000                              000                           
00100015         000034005881000000020898172240000000000000000000000000000000000000000000000000000000000000000000000000000000000000000000000000000                                                                                              
00199999         000001000036000000                                                                                                                                                            00000000000000000000000000000                    
