00100000         2115139610001160024778820014       01897X0000000092096 FUNDACAO AGENCIA DAS BACIAS HIBANCO DO BRASIL                         21309202402020100575103000000829973081PROCESSAMEN                                                 
00100011T0100020 20115139610001160024778820014       01897X0000000092096 FUNDACAO AGENCIA DAS BACIAS HI                                                                                000000001309202400000000  000000000                      
0010001300001T 0601897X0000000092096 24778822400000158   700000000000015830092024000000000087830341096990000000158                0900000000000010100000000000000000000000000000000000000   000000000000000000000000004        170192477882     
0010001300002U 060000000000000000000000000000000000000000000000000000000000000000000000878300000000000878300000000000000000000000000000001309202416092024            000000000000000                              000                           
0010001300003T 0601897X0000000092096 24778822400000173   700000000000017330092024000000000073777341063930000000173                0900000000000010100000000000000000000000000000000000000   000000000000000000000000004        170192477882     
0010001300004U 060000000000000000000000000000000000000000000000000000000000000000000000737770000000000737770000000000000000000000000000001309202416092024            000000000000000                              000                           
0010001300005T 0601897X0000000092096 24778822400000419   700000000000041930092024000000000032073033046120000000419                0900000000000010100000000000000000000000000000000000000   000000000000000000000000004        170192477882     
0010001300006U 060000000000000000000000000000000000000000000000000000000000000000000000320730000000000320730000000000000000000000000000001309202416092024            000000000000000                              000                           
0010001300007T 0601897X0000000092096 24778822400000575   700000000000057530092024000000000027157237002150000000575                0900000000000010100000000000000000000000000000000000000   000000000000000000000000004        170192477882     
0010001300008U 060000000000000000000000000000000000000000000000000000000000000000000000271570000000000271570000000000000000000000000000001309202416092024            000000000000000                              000                           
0010001300009T 0601897X0000000092096 24778822400000642   700000000000064230092024000000000024885104047920000000642                0900000000000010100000000000000000000000000000000000000   000000000000000000000000004        170192477882     
0010001300010U 060000000000000000000000000000000000000000000000000000000000000000000000248850000000000248850000000000000000000000000000001309202416092024            000000000000000                              000                           
0010001300011T 0601897X0000000092096 24778822400000884   700000000000088430092024000000000016012237002150000000884                0900000000000010100000000000000000000000000000000000000   000000000000000000000000004        170192477882     
0010001300012U 060000000000000000000000000000000000000000000000000000000000000000000000160120000000000160120000000000000000000000000000001309202416092024            000000000000000                              000                           
0010001300013T 0601897X0000000092096 24778822400000978   700000000000097830092024000000000010540081000010000000978                0900000000000010100000000000000000000000000000000000000   000000000000000000000000004        170192477882     
0010001300014U 060000000000000000000000000000000000000000000000000000000000000000000000105400000000000105400000000000000000000000000000001309202416092024            000000000000000                              000                           
0010001300015T 0601897X0000000092096 24778822400000991   700000000000099130092024000000000009114341000410000000991                0900000000000010100000000000000000000000000000000000000   000000000000000000000000004        170192477882     
0010001300016U 060000000000000000000000000000000000000000000000000000000000000000000000091140000000000091140000000000000000000000000000001309202416092024            000000000000000                              000                           
0010001300017T 0601897X0000000092096 24778822400003482   700000000000348230092024000000000080875755013060000003482                0900000000000010100000000000000000000000000000000000000   000000000000000000000000004        170192477882     
0010001300018U 060000000000000000000000000000000000000000000000000000000000000000000000808750000000000808750000000000000000000000000000001309202416092024            000000000000000                              000                           
0010001300019T 0601897X0000000092096 24778822400003486   700000000000348630092024000000000080875755013060000003486                0900000000000010100000000000000000000000000000000000000   000000000000000000000000004        170192477882     
0010001300020U 060000000000000000000000000000000000000000000000000000000000000000000000808750000000000808750000000000000000000000000000001309202416092024            000000000000000                              000                           
0010001300021T 0601897X0000000092096 24778822400004054   700000000000405430092024000000000056613755013060000004054                0900000000000010100000000000000000000000000000000000000   000000000000000000000000004        170192477882     
0010001300022U 060000000000000000000000000000000000000000000000000000000000000000000000566130000000000566130000000000000000000000000000001309202416092024            000000000000000                              000                           
0010001300023T 0901897X0000000092096 24778822400000643   700000000000064330092024000000000024885001045888000000643                0900000000000000000000000000000000000000000000000000000   000000000000000000000037210        170192477882     
0010001300024U 090000000000000000000000000000000000000000000000000000000000000000000000000000000000000000000000000000000000000000000000001309202400000000            000000000000000                              000                           
0010001300025T 5201897X0000000092096 24778822400001483   700000000000148330092024000000000020474001001678000001483                0900000000000000000000000000000000000000000000000000000   000000000000000000000000000        170192477882     
0010001300026U 520000000000000000000000000000000000000000000000000000000000000000000000000000000000000000000000000000000000000000000000001309202400000000            000000000000000                              000                           
0010001300027T 5201897X0000000092096 24778822400001484   700000000000148431102024000000000020474001001678000001484                0900000000000000000000000000000000000000000000000000000   000000000000000000000000000        170192477882     
0010001300028U 520000000000000000000000000000000000000000000000000000000000000000000000000000000000000000000000000000000000000000000000001309202400000000            000000000000000                              000                           
00100015         000030005844000000020877984510000000000000000000000000000000000000000000000000000000000000000000000000000000000000000000000000000                                                                                              
00199999         000001000032000000                                                                                                                                                            00000000000000000000000000000                    
