00100000         2115139610001160024778820014       01897X0000000092096 FUNDACAO AGENCIA DAS BACIAS HIBANCO DO BRASIL                         21109202401461400574703000000829973081PROCESSAMEN                                                 
00100011T0100020 20115139610001160024778820014       01897X0000000092096 FUNDACAO AGENCIA DAS BACIAS HI                                                                                000000001109202400000000  000000000                      
0010001300001T 0601897X0000000092096 24778822400000137   700000000000013730092024000000000102469341016080000000137                0900000000000010100000000000000000000000000000000000000   000000000000000000000000004        170192477882     
0010001300002U 060000000000000000000000000000000000000000000000000000000000000000000001024690000000001024690000000000000000000000000000001109202412092024            000000000000000                              000                           
0010001300003T 0601897X0000000092096 24778822400000170   700000000000017030092024000000000076445341016080000000170                0900000000000010100000000000000000000000000000000000000   000000000000000000000000004        170192477882     
0010001300004U 060000000000000000000000000000000000000000000000000000000000000000000000764450000000000764450000000000000000000000000000001109202412092024            000000000000000                              000                           
0010001300005T 0601897X0000000092096 24778822400000188   700000000000018830092024000000000070264341016080000000188                0900000000000010100000000000000000000000000000000000000   000000000000000000000000004        170192477882     
0010001300006U 060000000000000000000000000000000000000000000000000000000000000000000000702640000000000702640000000000000000000000000000001109202412092024            000000000000000                              000                           
0010001300007T 0601897X0000000092096 24778822400000207   700000000000020730092024000000000059074001070785000000207                0900000000000010020000000000000000000000000000000000000   000000000000000000000000033        170192477882     
0010001300008U 060000000000000000000000000000000000000000000000000000000000000000000000590740000000000590740000000000000000000000000000001109202412092024            000000000000000                              000                           
0010001300009T 0601897X0000000092096 24778822400000237   700000000000023730092024000000000048307341016080000000237                0900000000000010100000000000000000000000000000000000000   000000000000000000000000004        170192477882     
0010001300010U 060000000000000000000000000000000000000000000000000000000000000000000000483070000000000483070000000000000000000000000000001109202412092024            000000000000000                              000                           
0010001300011T 0601897X0000000092096 24778822400000242   700000000000024230092024000000000046843341016080000000242                0900000000000010100000000000000000000000000000000000000   000000000000000000000000004        170192477882     
0010001300012U 060000000000000000000000000000000000000000000000000000000000000000000000468430000000000468430000000000000000000000000000001109202412092024            000000000000000                              000                           
0010001300013T 0601897X0000000092096 24778822400000307   700000000000030730092024000000000037474341016080000000307                0900000000000010100000000000000000000000000000000000000   000000000000000000000000004        170192477882     
0010001300014U 060000000000000000000000000000000000000000000000000000000000000000000000374740000000000374740000000000000000000000000000001109202412092024            000000000000000                              000                           
0010001300015T 0601897X0000000092096 24778822400000601   700000000000060130092024000000000026349033032440000000601                0900000000000010100000000000000000000000000000000000000   000000000000000000000000004        170192477882     
0010001300016U 060000000000000000000000000000000000000000000000000000000000000000000000263490000000000263490000000000000000000000000000001109202412092024            000000000000000                              000                           
0010001300017T 0601897X0000000092096 24778822400000694   700000000000069430092024000000000023421341063450000000694                0900000000000010100000000000000000000000000000000000000   000000000000000000000000004        170192477882     
0010001300018U 060000000000000000000000000000000000000000000000000000000000000000000000234210000000000234210000000000000000000000000000001109202412092024            000000000000000                              000                           
0010001300019T 0601897X0000000092096 24778822400000766   700000000000076630092024000000000021362341009120000000766                0900000000000010100000000000000000000000000000000000000   000000000000000000000000004        170192477882     
0010001300020U 060000000000000000000000000000000000000000000000000000000000000000000000213620000000000213620000000000000000000000000000001109202412092024            000000000000000                              000                           
0010001300021T 0601897X0000000092096 24778822400000911   700000000000091130092024000000000014638756014090000000911                0900000000000010100000000000000000000000000000000000000   000000000000000000000000004        170192477882     
0010001300022U 060000000000000000000000000000000000000000000000000000000000000000000000146380000000000146380000000000000000000000000000001109202412092024            000000000000000                              000                           
0010001300023T 0601897X0000000092096 24778822400001005   700000000000100530092024000000000004714341006800000001005                0900000000000010100000000000000000000000000000000000000   000000000000000000000000004        170192477882     
0010001300024U 060000000000000000000000000000000000000000000000000000000000000000000000047140000000000047140000000000000000000000000000001109202412092024            000000000000000                              000                           
0010001300025T 0601897X0000000092096 24778822400001010   700000000000101030092024000000000002484341029480000001010                0900000000000010100000000000000000000000000000000000000   000000000000000000000000004        170192477882     
0010001300026U 060000000000000000000000000000000000000000000000000000000000000000000000024840000000000024840000000000000000000000000000001109202412092024            000000000000000                              000                           
0010001300027T 0601897X0000000092096 24778822400002794   700000000000279430092024000000000168923237002140000002794                0900000000000010100000000000000000000000000000000000000   000000000000000000000000004        170192477882     
0010001300028U 060000000000000000000000000000000000000000000000000000000000000000000001689230000000001689230000000000000000000000000000001109202412092024            000000000000000                              000                           
0010001300029T 0601897X0000000092096 24778822400003002   700000000000300230092024000000000130966237035050000003002                0900000000000010100000000000000000000000000000000000000   000000000000000000000000004        170192477882     
0010001300030U 060000000000000000000000000000000000000000000000000000000000000000000001309660000000001309660000000000000000000000000000001109202412092024            000000000000000                              000                           
0010001300031T 0601897X0000000092096 24778822400004166   700000000000416630092024000000000053039104030800000004166                0900000000000010100000000000000000000000000000000000000   000000000000000000000000004        170192477882     
0010001300032U 060000000000000000000000000000000000000000000000000000000000000000000000530390000000000530390000000000000000000000000000001109202412092024            000000000000000                              000                           
0010001300033T 0601897X0000000092096 24778822400005622   700000000000562230092024000000000021956033001940000005622                0900000000000010100000000000000000000000000000000000000   000000000000000000000000004        170192477882     
0010001300034U 060000000000000000000000000000000000000000000000000000000000000000000000219560000000000219560000000000000000000000000000001109202412092024            000000000000000                              000                           
00100015         000036005864000000020889084960000000000000000000000000000000000000000000000000000000000000000000000000000000000000000000000000000                                                                                              
00199999         000001000038000000                                                                                                                                                            00000000000000000000000000000                    
