00100000         2115139610001160024778820014       01897X0000000092096 FUNDACAO AGENCIA DAS BACIAS HIBANCO DO BRASIL                         20603202401413600554503000000829973081PROCESSAMEN                                                 
00100011T0100020 20115139610001160024778820014       01897X0000000092096 FUNDACAO AGENCIA DAS BACIAS HI                                                                                000000000603202400000000  000000000                      
0010001300001T 0901897X0000000092096 24778829000007993   7000007993      3101202400000000055742700101849X000007993                0900000000000000000000000000000000000000000000000000000   000000000000000000000037209        170192477882     
0010001300002U 090000000000000000000000000000000000000000000000000000000000000000000000000000000000000000000000000000000000000000000000000603202400000000            000000000000000                              000                           
0010001300003T 0901897X0000000092096 24778829000007994   7000007994      31012024000000000033014001003409000007994                0900000000000000000000000000000000000000000000000000000   000000000000000000000037209        170192477882     
0010001300004U 090000000000000000000000000000000000000000000000000000000000000000000000000000000000000000000000000000000000000000000000000603202400000000            000000000000000                              000                           
0010001300005T 0901897X0000000092096 24778829000008012   7000008012      31012024000000000027077001014753000008012                0900000000000000000000000000000000000000000000000000000   000000000000000000000037209        170192477882     
0010001300006U 090000000000000000000000000000000000000000000000000000000000000000000000000000000000000000000000000000000000000000000000000603202400000000            000000000000000                              000                           
0010001300007T 0901897X0000000092096 24778829000008014   7000008014      31012024000000000031693001003409000008014                0900000000000000000000000000000000000000000000000000000   000000000000000000000037209        170192477882     
0010001300008U 090000000000000000000000000000000000000000000000000000000000000000000000000000000000000000000000000000000000000000000000000603202400000000            000000000000000                              000                           
0010001300009T 0901897X0000000092096 24778829000008024   7000008024      31012024000000000025919001041467000008024                0900000000000000000000000000000000000000000000000000000   000000000000000000000037209        170192477882     
0010001300010U 090000000000000000000000000000000000000000000000000000000000000000000000000000000000000000000000000000000000000000000000000603202400000000            000000000000000                              000                           
00100015         000012000033000000001304553470000000000000000000000000000000000000000000000000000000000000000000000000000000000000000000000000000                                                                                              
00199999         000001000014000000                                                                                                                                                            00000000000000000000000000000                    
