00100000         2115139610001160024778820014       01897X0000000092096 FUNDACAO AGENCIA DAS BACIAS HIBANCO DO BRASIL                         22310202402033300580703000000829973081PROCESSAMEN                                                 
00100011T0100020 20115139610001160024778820014       01897X0000000092096 FUNDACAO AGENCIA DAS BACIAS HI                                                                                000000002310202400000000  000000000                      
0010001300001T 0201897X0000000092096 24778829000008321   7000008321      31102024000000000702845001004561000008321                0900000000000010500000000000000000000000000000000000000   0000000000000000000000496A9A4      170192477882     
0010001300002U 020000000000000000000000000000000000000000000000000000000000000000000000000000000000000000000000000000000000000000000000002310202400000000            000000000000000                              000                           
0010001300003T 0201897X0000000092096 24778829000008322   7000008322      31102024000000000239031001020125000008322                0900000000000010500000000000000000000000000000000000000   0000000000000000000000496A9A4      170192477882     
0010001300004U 020000000000000000000000000000000000000000000000000000000000000000000000000000000000000000000000000000000000000000000000002310202400000000            000000000000000                              000                           
0010001300005T 0601897X0000000092096 24778822400000840   700000000000084030092024000000000017902104012110000000840                0900000000000010100000000000000000000000000000000000000   000000000000000000000000004        170192477882     
0010001300006U 060000000000004950000000000000000000000000000000000000000000000000000000183970000000000183970000000000000000000000000000002310202424102024            000000000000000                              000                           
0010001300007T 0601897X0000000092096 24778822400000895   700000000000089530092024000000000015460033046450000000895                0900000000000010100000000000000000000000000000000000000   000000000000000000000000004        170192477882     
0010001300008U 060000000000004270000000000000000000000000000000000000000000000000000000158870000000000158870000000000000000000000000000002310202424102024            000000000000000                              000                           
0010001300009T 0601897X0000000092096 24778822400001068   700000000000106831102024000000000029277341002790000001068                0900000000000010100000000000000000000000000000000000000   000000000000000000000000004        170192477882     
0010001300010U 060000000000000000000000000000000000000000000000000000000000000000000000292770000000000292770000000000000000000000000000002310202424102024            000000000000000                              000                           
0010001300011T 0601897X0000000092096 24778822400001507   700000000000150731102024000000000026501104002780000001507                0900000000000010100000000000000000000000000000000000000   000000000000000000000000004        170192477882     
0010001300012U 060000000000000000000000000000000000000000000000000000000000000000000000265010000000000265010000000000000000000000000000002310202424102024            000000000000000                              000                           
0010001300013T 0601897X0000000092096 24778822400001672   700000000000167231102024000000000024314341000970000001672                0900000000000010100000000000000000000000000000000000000   000000000000000000000000004        170192477882     
0010001300014U 060000000000000000000000000000000000000000000000000000000000000000000000243140000000000243140000000000000000000000000000002310202424102024            000000000000000                              000                           
0010001300015T 0601897X0000000092096 24778822400002019   700000000000201931102024000000009945207104002980000002019                0900000000000010100000000000000000000000000000000000000   000000000000000000000000004        170192477882     
0010001300016U 060000000000000000000000000000000000000000000000000000000000000000000099452070000000099452070000000000000000000000000000002310202424102024            000000000000000                              000                           
0010001300017T 0601897X0000000092096 24778822400003051   700000000000305131102024000000000126552341000540000003051                0900000000000010100000000000000000000000000000000000000   000000000000000000000000004        170192477882     
0010001300018U 060000000000000000000000000000000000000000000000000000000000000000000001265520000000001265520000000000000000000000000000002310202424102024            000000000000000                              000                           
0010001300019T 0601897X0000000092096 24778822400004431   700000000000443131102024000000000043516341004290000004431                0900000000000010100000000000000000000000000000000000000   000000000000000000000000004        170192477882     
0010001300020U 060000000000000000000000000000000000000000000000000000000000000000000000435160000000000435160000000000000000000000000000002310202424102024            000000000000000                              000                           
0010001300021T 0601897X0000000092096 24778822400004743   700000000000474331102024000000000035962756072790000004743                0900000000000010100000000000000000000000000000000000000   000000000000000000000000004        170192477882     
0010001300022U 060000000000000000000000000000000000000000000000000000000000000000000000359620000000000359620000000000000000000000000000002310202424102024            000000000000000                              000                           
0010001300023T 0601897X0000000092096 24778822400004927   700000000000492731102024000000000032936237019890000004927                0900000000000010100000000000000000000000000000000000000   000000000000000000000000004        170192477882     
0010001300024U 060000000000000000000000000000000000000000000000000000000000000000000000329360000000000329360000000000000000000000000000002310202424102024            000000000000000                              000                           
0010001300025T 0601897X0000000092096 24778822400005227   700000000000522731102024000000000028179033036440000005227                0900000000000010100000000000000000000000000000000000000   000000000000000000000000004        170192477882     
0010001300026U 060000000000000000000000000000000000000000000000000000000000000000000000281790000000000281790000000000000000000000000000002310202424102024            000000000000000                              000                           
0010001300027T 0601897X0000000092096 24778822400005242   700000000000524204102024000000000027797033036890000005242                0900000000000010100000000000000000000000000000000000000   000000000000000000000000004        170192477882     
0010001300028U 060000000000007300000000000000000000000000000000000000000000000000000000285280000000000285280000000000000000000000000000012310202424102024            000000000000000                              000                           
0010001300029T 0601897X0000000092096 24778822400005243   700000000000524331102024000000000027796033036890000005243                0900000000000010100000000000000000000000000000000000000   000000000000000000000000004        170192477882     
0010001300030U 060000000000000000000000000000000000000000000000000000000000000000000000277960000000000277960000000000000000000000000000002310202424102024            000000000000000                              000                           
0010001300031T 0601897X0000000092096 24778822400005244   700000000000524429112024000000000027796033036890000005244                0900000000000010100000000000000000000000000000000000000   000000000000000000000000004        170192477882     
0010001300032U 060000000000000000000000000000000000000000000000000000000000000000000000277960000000000277960000000000000000000000000000002310202424102024            000000000000000                              000                           
0010001300033T 0601897X0000000092096 24778822400005245   700000000000524519122024000000000027796033036890000005245                0900000000000010100000000000000000000000000000000000000   000000000000000000000000004        170192477882     
0010001300034U 060000000000000000000000000000000000000000000000000000000000000000000000277960000000000277960000000000000000000000000000002310202424102024            000000000000000                              000                           
0010001300035T 0601897X0000000092096 24778822400005623   700000000000562331102024000000000021958033001940000005623                0900000000000010100000000000000000000000000000000000000   000000000000000000000000004        170192477882     
0010001300036U 060000000000000000000000000000000000000000000000000000000000000000000000219580000000000219580000000000000000000000000000002310202424102024            000000000000000                              000                           
0010001300037T 0601897X0000000092096 24778829000008308   7000008308      31102024000000000081098341014030000008308                0900000000000010100000000000000000000000000000000000000   000000000000000000000000004        170192477882     
0010001300038U 060000000000000000000000000000000000000000000000000000000000000000000000810980000000000810980000000000000000000000000000002310202424102024            000000000000000                              000                           
0010001300039T 1401897X0000000092096 24778822400002434   700000000000243425102024000000000338211001003549000002434                0900000000000000000000000000000000000000000000000000000   000000000000000000000000000        170192477882     
0010001300040U 140000000000000000000000000000000000000000000000000000000000000000000000000000000000000000000000000000000000000000000000002310202400000000            000000000000000                              000                           
00100015         000042004085000000014995084280000000000000000000000000000000000000000000000000000000000000000000000000000000000000000000000000000                                                                                              
00199999         000001000044000000                                                                                                                                                            00000000000000000000000000000                    
