00100000         2115139610001160024778820014       01897X0000000092096 FUNDACAO AGENCIA DAS BACIAS HIBANCO DO BRASIL                         22201202402121600549703000000829973081PROCESSAMEN                                                 
00100011T0100020 20115139610001160024778820014       01897X0000000092096 FUNDACAO AGENCIA DAS BACIAS HI                                                                                000000002201202400000000  000000000                      
0010001300001T 0201897X0000000092096 24778829000008018   7000008018      31012024000000000023900001009946000008018                0900000000000010000000000000000000000000000000000000000   0000000000000000000000496A9        170192477882     
0010001300002U 020000000000000000000000000000000000000000000000000000000000000000000000000000000000000000000000000000000000000000000000002201202400000000            000000000000000                              000                           
0010001300003T 0201897X0000000092096 24778829000008019   7000008019      31012024000000000059454001003018000008019                0900000000000010500000000000000000000000000000000000000   0000000000000000000000496A9A4      170192477882     
0010001300004U 020000000000000000000000000000000000000000000000000000000000000000000000000000000000000000000000000000000000000000000000002201202400000000            000000000000000                              000                           
0010001300005T 0901897X0000000092096 24778822230006656   700000000000665622122023000000000065200001014753000006656                0900000000000000000000000000000000000000000000000000000   000000000000000000000037210        170192477882     
0010001300006U 090000000000000000000000000000000000000000000000000000000000000000000000000000000000000000000000000000000000000000000000002201202400000000            000000000000000                              000                           
00100015         000008000157000000002093163250000000000000000000000000000000000000000000000000000000000000000000000000000000000000000000000000000                                                                                              
00199999         000001000010000000                                                                                                                                                            00000000000000000000000000000                    
