00100000         2115139610001160024778820014       01897X0000000092096 FUNDACAO AGENCIA DAS BACIAS HIBANCO DO BRASIL                         21607202402004300567403000000829973081PROCESSAMEN                                                 
00100011T0100020 20115139610001160024778820014       01897X0000000092096 FUNDACAO AGENCIA DAS BACIAS HI                                                                                000000001607202400000000  000000000                      
0010001300001T 0201897X0000000092096 24778829000008109   7000008109      31072024000000000201277001069833000008109                0900000000000010000000000000000000000000000000000000000   0000000000000000000000496A9        170192477882     
0010001300002U 020000000000000000000000000000000000000000000000000000000000000000000000000000000000000000000000000000000000000000000000001607202400000000            000000000000000                              000                           
0010001300003T 0201897X0000000092096 24778829000008110   7000008110      30082024000000000201277001069833000008110                0900000000000010000000000000000000000000000000000000000   0000000000000000000000496A9        170192477882     
0010001300004U 020000000000000000000000000000000000000000000000000000000000000000000000000000000000000000000000000000000000000000000000001607202400000000            000000000000000                              000                           
0010001300005T 0201897X0000000092096 24778829000008111   7000008111      30092024000000000201277001069833000008111                0900000000000010000000000000000000000000000000000000000   0000000000000000000000496A9        170192477882     
0010001300006U 020000000000000000000000000000000000000000000000000000000000000000000000000000000000000000000000000000000000000000000000001607202400000000            000000000000000                              000                           
0010001300007T 0201897X0000000092096 24778829000008112   7000008112      31102024000000000201277001069833000008112                0900000000000010000000000000000000000000000000000000000   0000000000000000000000496A9        170192477882     
0010001300008U 020000000000000000000000000000000000000000000000000000000000000000000000000000000000000000000000000000000000000000000000001607202400000000            000000000000000                              000                           
0010001300009T 0201897X0000000092096 24778829000008113   7000008113      29112024000000000201277001069833000008113                0900000000000010000000000000000000000000000000000000000   0000000000000000000000496A9        170192477882     
0010001300010U 020000000000000000000000000000000000000000000000000000000000000000000000000000000000000000000000000000000000000000000000001607202400000000            000000000000000                              000                           
0010001300011T 0201897X0000000092096 24778829000008114   7000008114      31122024000000000201277001069833000008114                0900000000000010000000000000000000000000000000000000000   0000000000000000000000496A9        170192477882     
0010001300012U 020000000000000000000000000000000000000000000000000000000000000000000000000000000000000000000000000000000000000000000000001607202400000000            000000000000000                              000                           
0010001300013T 0201897X0000000092096 24778829000008115   7000008115      31012025000000000201277001069833000008115                0900000000000010000000000000000000000000000000000000000   0000000000000000000000496A9        170192477882     
0010001300014U 020000000000000000000000000000000000000000000000000000000000000000000000000000000000000000000000000000000000000000000000001607202400000000            000000000000000                              000                           
0010001300015T 0201897X0000000092096 24778829000008116   7000008116      28022025000000000201277001069833000008116                0900000000000010000000000000000000000000000000000000000   0000000000000000000000496A9        170192477882     
0010001300016U 020000000000000000000000000000000000000000000000000000000000000000000000000000000000000000000000000000000000000000000000001607202400000000            000000000000000                              000                           
0010001300017T 0201897X0000000092096 24778829000008117   7000008117      31032025000000000201277001069833000008117                0900000000000010000000000000000000000000000000000000000   0000000000000000000000496A9        170192477882     
0010001300018U 020000000000000000000000000000000000000000000000000000000000000000000000000000000000000000000000000000000000000000000000001607202400000000            000000000000000                              000                           
0010001300019T 0201897X0000000092096 24778829000008118   7000008118      30042025000000000201277001069833000008118                0900000000000010000000000000000000000000000000000000000   0000000000000000000000496A9        170192477882     
0010001300020U 020000000000000000000000000000000000000000000000000000000000000000000000000000000000000000000000000000000000000000000000001607202400000000            000000000000000                              000                           
0010001300021T 0201897X0000000092096 24778829000008119   7000008119      30052025000000000201277001069833000008119                0900000000000010000000000000000000000000000000000000000   0000000000000000000000496A9        170192477882     
0010001300022U 020000000000000000000000000000000000000000000000000000000000000000000000000000000000000000000000000000000000000000000000001607202400000000            000000000000000                              000                           
0010001300023T 0201897X0000000092096 24778829000008120   7000008120      30062025000000000201277001069833000008120                0900000000000010000000000000000000000000000000000000000   0000000000000000000000496A9        170192477882     
0010001300024U 020000000000000000000000000000000000000000000000000000000000000000000000000000000000000000000000000000000000000000000000001607202400000000            000000000000000                              000                           
0010001300025T 0201897X0000000092096 24778829000008121   7000008121      31072025000000000201277001069833000008121                0900000000000010000000000000000000000000000000000000000   0000000000000000000000496A9        170192477882     
0010001300026U 020000000000000000000000000000000000000000000000000000000000000000000000000000000000000000000000000000000000000000000000001607202400000000            000000000000000                              000                           
0010001300027T 0201897X0000000092096 24778829000008122   7000008122      29082025000000000201277001069833000008122                0900000000000010000000000000000000000000000000000000000   0000000000000000000000496A9        170192477882     
0010001300028U 020000000000000000000000000000000000000000000000000000000000000000000000000000000000000000000000000000000000000000000000001607202400000000            000000000000000                              000                           
0010001300029T 0201897X0000000092096 24778829000008123   7000008123      30092025000000000201277001069833000008123                0900000000000010000000000000000000000000000000000000000   0000000000000000000000496A9        170192477882     
0010001300030U 020000000000000000000000000000000000000000000000000000000000000000000000000000000000000000000000000000000000000000000000001607202400000000            000000000000000                              000                           
0010001300031T 0201897X0000000092096 24778829000008124   7000008124      31102025000000000201277001069833000008124                0900000000000010000000000000000000000000000000000000000   0000000000000000000000496A9        170192477882     
0010001300032U 020000000000000000000000000000000000000000000000000000000000000000000000000000000000000000000000000000000000000000000000001607202400000000            000000000000000                              000                           
0010001300033T 0201897X0000000092096 24778829000008125   7000008125      28112025000000000201277001069833000008125                0900000000000010000000000000000000000000000000000000000   0000000000000000000000496A9        170192477882     
0010001300034U 020000000000000000000000000000000000000000000000000000000000000000000000000000000000000000000000000000000000000000000000001607202400000000            000000000000000                              000                           
0010001300035T 0201897X0000000092096 24778829000008126   7000008126      31122025000000000201277001069833000008126                0900000000000010000000000000000000000000000000000000000   0000000000000000000000496A9        170192477882     
0010001300036U 020000000000000000000000000000000000000000000000000000000000000000000000000000000000000000000000000000000000000000000000001607202400000000            000000000000000                              000                           
00100015         000038000048000000000653316670000000000000000000000000000000000000000000000000000000000000000000000000000000000000000000000000000                                                                                              
00199999         000001000040000000                                                                                                                                                            00000000000000000000000000000                    
