00100000         2115139610001160024778820014       01897X0000000092096 FUNDACAO AGENCIA DAS BACIAS HIBANCO DO BRASIL                         23008202402005900573103000000829973081PROCESSAMEN                                                 
00100011T0100020 20115139610001160024778820014       01897X0000000092096 FUNDACAO AGENCIA DAS BACIAS HI                                                                                000000003008202400000000  000000000                      
0010001300001T 0601897X0000000092096 24778829000007929   7000007929      30082024000000000191290655000010000007929                0900000000000010100000000000000000000000000000000000000   000000000000000000000000004        170192477882     
0010001300002U 060000000000000000000000000000000000000000000000000000000000000000000001912900000000001912900000000000000000000000000000003008202402092024            000000000000000                              000                           
0010001300003T 0601897X0000000092096 24778829000008095   7000008095      30082024000000008000000104003410000008095                0900000000000010100000000000000000000000000000000000000   000000000000000000000000004        170192477882     
0010001300004U 060000000000000000000000000000000000000000000000000000000000000000000080000000000000080000000000000000000000000000000000003008202402092024            000000000000000                              000                           
0010001300005T 0601897X0000000092096 24778829000008101   7000008101      30082024000000001970464104019380000008101                0900000000000010100000000000000000000000000000000000000   000000000000000000000000004        170192477882     
0010001300006U 060000000000000000000000000000000000000000000000000000000000000000000019704640000000019704640000000000000000000000000000003008202402092024            000000000000000                              000                           
0010001300007T 0601897X0000000092096 24778829000008110   7000008110      30082024000000000201277341091830000008110                0900000000000010100000000000000000000000000000000000000   000000000000000000000000004        170192477882     
0010001300008U 060000000000000000000000000000000000000000000000000000000000000000000002012770000000002012770000000000000000000000000000003008202402092024            000000000000000                              000                           
0010001300009T 0601897X0000000092096 24778829000008128   7000008128      30082024000000000482037341048710000008128                0900000000000010100000000000000000000000000000000000000   000000000000000000000000004        170192477882     
0010001300010U 060000000000000000000000000000000000000000000000000000000000000000000004820370000000004820370000000000000000000000000000003008202402092024            000000000000000                              000                           
0010001300011T 0601897X0000000092096 24778829000008136   7000008136      30082024000000000198107001030813000008136                0900000000000010040000000000000000000000000000000000000   000000000000000000000000034        170192477882     
0010001300012U 060000000000000000000000000000000000000000000000000000000000000000000001981070000000001981070000000000000000000000000000003008202402092024            000000000000000                              000                           
0010001300013T 0601897X0000000092096 24778829000008137   7000008137      30082024000000000047499033021620000008137                0900000000000010100000000000000000000000000000000000000   000000000000000000000000004        170192477882     
0010001300014U 060000000000000000000000000000000000000000000000000000000000000000000000474990000000000474990000000000000000000000000000003008202402092024            000000000000000                              000                           
0010001300015T 0601897X0000000092096 24778829000008138   7000008138      30082024000000000159151033010760000008138                0900000000000010100000000000000000000000000000000000000   000000000000000000000000004        170192477882     
0010001300016U 060000000000000000000000000000000000000000000000000000000000000000000001591510000000001591510000000000000000000000000000003008202402092024            000000000000000                              000                           
0010001300017T 0601897X0000000092096 24778829000008139   7000008139      30082024000000000118609376000010000008139                0900000000000010100000000000000000000000000000000000000   000000000000000000000000004        170192477882     
0010001300018U 060000000000000000000000000000000000000000000000000000000000000000000001186090000000001186090000000000000000000000000000003008202402092024            000000000000000                              000                           
0010001300019T 0601897X0000000092096 24778829000008140   7000008140      30082024000000000119789237016170000008140                0900000000000010100000000000000000000000000000000000000   000000000000000000000000004        170192477882     
0010001300020U 060000000000000000000000000000000000000000000000000000000000000000000001197890000000001197890000000000000000000000000000003008202402092024            000000000000000                              000                           
0010001300021T 0601897X0000000092096 24778829000008142   7000008142      30082024000000000137005341015780000008142                0900000000000010100000000000000000000000000000000000000   000000000000000000000000004        170192477882     
0010001300022U 060000000000000000000000000000000000000000000000000000000000000000000001370050000000001370050000000000000000000000000000003008202402092024            000000000000000                              000                           
0010001300023T 0601897X0000000092096 24778829000008149   7000008149      30082024000000000096432341027310000008149                0900000000000010100000000000000000000000000000000000000   000000000000000000000000004        170192477882     
0010001300024U 060000000000000000000000000000000000000000000000000000000000000000000000964320000000000964320000000000000000000000000000003008202402092024            000000000000000                              000                           
0010001300025T 0601897X0000000092096 24778829000008150   7000008150      30082024000000000078136341000550000008150                0900000000000010100000000000000000000000000000000000000   000000000000000000000000004        170192477882     
0010001300026U 060000000000000000000000000000000000000000000000000000000000000000000000781360000000000781360000000000000000000000000000003008202402092024            000000000000000                              000                           
0010001300027T 0601897X0000000092096 24778829000008153   7000008153      30082024000000000065424341059320000008153                0900000000000010100000000000000000000000000000000000000   000000000000000000000000004        170192477882     
0010001300028U 060000000000000000000000000000000000000000000000000000000000000000000000654240000000000654240000000000000000000000000000003008202402092024            000000000000000                              000                           
0010001300029T 0601897X0000000092096 24778829000008155   7000008155      30082024000000000133280341023500000008155                0900000000000010100000000000000000000000000000000000000   000000000000000000000000004        170192477882     
0010001300030U 060000000000000000000000000000000000000000000000000000000000000000000001332800000000001332800000000000000000000000000000003008202402092024            000000000000000                              000                           
0010001300031T 0601897X0000000092096 24778829000008156   7000008156      30082024000000000048433341007960000008156                0900000000000010100000000000000000000000000000000000000   000000000000000000000000004        170192477882     
0010001300032U 060000000000000000000000000000000000000000000000000000000000000000000000484330000000000484330000000000000000000000000000003008202402092024            000000000000000                              000                           
0010001300033T 0601897X0000000092096 24778829000008157   7000008157      30082024000000000050083341015630000008157                0900000000000010100000000000000000000000000000000000000   000000000000000000000000004        170192477882     
0010001300034U 060000000000000000000000000000000000000000000000000000000000000000000000500830000000000500830000000000000000000000000000003008202402092024            000000000000000                              000                           
0010001300035T 0601897X0000000092096 24778829000008160   7000008160      30082024000000000042426237021180000008160                0900000000000010100000000000000000000000000000000000000   000000000000000000000000004        170192477882     
0010001300036U 060000000000000000000000000000000000000000000000000000000000000000000000424260000000000424260000000000000000000000000000003008202402092024            000000000000000                              000                           
0010001300037T 0601897X0000000092096 24778829000008162   7000008162      31082024000000000153561341076430000008162                0900000000000010100000000000000000000000000000000000000   000000000000000000000000004        170192477882     
0010001300038U 060000000000000000000000000000000000000000000000000000000000000000000001535610000000001535610000000000000000000000000000003008202402092024            000000000000000                              000                           
0010001300039T 0601897X0000000092096 24778829000008163   7000008163      30082024000000000050647341000550000008163                0900000000000010100000000000000000000000000000000000000   000000000000000000000000004        170192477882     
0010001300040U 060000000000000000000000000000000000000000000000000000000000000000000000506470000000000506470000000000000000000000000000003008202402092024            000000000000000                              000                           
0010001300041T 0601897X0000000092096 24778829000008166   7000008166      30082024000000000168854341001960000008166                0900000000000010100000000000000000000000000000000000000   000000000000000000000000004        170192477882     
0010001300042U 060000000000000000000000000000000000000000000000000000000000000000000001688540000000001688540000000000000000000000000000003008202402092024            000000000000000                              000                           
0010001300043T 0601897X0000000092096 24778829000008167   7000008167      30082024000000000039036341083610000008167                0900000000000010100000000000000000000000000000000000000   000000000000000000000000004        170192477882     
0010001300044U 060000000000000000000000000000000000000000000000000000000000000000000000390360000000000390360000000000000000000000000000003008202402092024            000000000000000                              000                           
00100015         000046005914000000021437748800000000000000000000000000000000000000000000000000000000000000000000000000000000000000000000000000000                                                                                              
00199999         000001000048000000                                                                                                                                                            00000000000000000000000000000                    
