00100000         2115139610001160024778820014       01897X0000000092096 FUNDACAO AGENCIA DAS BACIAS HIBANCO DO BRASIL                         20902202401274300552003000000829973081PROCESSAMEN                                                 
00100011T0100020 20115139610001160024778820014       01897X0000000092096 FUNDACAO AGENCIA DAS BACIAS HI                                                                                000000000902202400000000  000000000                      
0010001300001T 0201897X0000000092096 24778829000008030   7000008030      29022024000000000032011001003409000008030                0900000000000010500000000000000000000000000000000000000   0000000000000000000000496A9A4      170192477882     
0010001300002U 020000000000000000000000000000000000000000000000000000000000000000000000000000000000000000000000000000000000000000000000000902202400000000            000000000000000                              000                           
0010001300003T 0201897X0000000092096 24778829000008031   7000008031      29022024000000000027347001014753000008031                0900000000000010000000000000000000000000000000000000000   0000000000000000000000496A9        170192477882     
0010001300004U 020000000000000000000000000000000000000000000000000000000000000000000000000000000000000000000000000000000000000000000000000902202400000000            000000000000000                              000                           
00100015         000006000036000000001637817550000000000000000000000000000000000000000000000000000000000000000000000000000000000000000000000000000                                                                                              
00199999         000001000008000000                                                                                                                                                            00000000000000000000000000000                    
