00100000         2115139610001160024778820014       01897X0000000092096 FUNDACAO AGENCIA DAS BACIAS HIBANCO DO BRASIL                         20811202402014500583103000000829973081PROCESSAMEN                                                 
00100011T0100020 20115139610001160024778820014       01897X0000000092096 FUNDACAO AGENCIA DAS BACIAS HI                                                                                000000000811202400000000  000000000                      
0010001300001T 0201897X0000000092096 24778829000008381   7000008381      29112024000000000135206001003409000008381                0900000000000010500000000000000000000000000000000000000   0000000000000000000000496A9A4      170192477882     
0010001300002U 020000000000000000000000000000000000000000000000000000000000000000000000000000000000000000000000000000000000000000000000000811202400000000            000000000000000                              000                           
0010001300003T 0201897X0000000092096 24778829000008382   7000008382      29112024000000000295537001026565000008382                0900000000000010500000000000000000000000000000000000000   0000000000000000000000496A9A4      170192477882     
0010001300004U 020000000000000000000000000000000000000000000000000000000000000000000000000000000000000000000000000000000000000000000000000811202400000000            000000000000000                              000                           
0010001300005T 0601897X0000000092096 24778822400001036   700000000000103631102024000000000029277341069220000001036                0900000000000010100000000000000000000000000000000000000   000000000000000000000000004        170192477882     
0010001300006U 060000000000006620000000000000000000000000000000000000000000000000000000299400000000000299400000000000000000000000000000010811202411112024            000000000000000                              000                           
0010001300007T 0601897X0000000092096 24778822400001204   700000000000120431102024000000000025531001030813000001204                0900000000000010040000000000000000000000000000000000000   000000000000000000000000034        170192477882     
0010001300008U 060000000000005780000000000000000000000000000000000000000000000000000000261090000000000261090000000000000000000000000000000811202411112024            000000000000000                              000                           
0010001300009T 0601897X0000000092096 24778822400003484   700000000000348429112024000000000080877755013060000003484                0900000000000010100000000000000000000000000000000000000   000000000000000000000000004        170192477882     
0010001300010U 060000000000000000000000000000000000000000000000000000000000000000000000808770000000000808770000000000000000000000000000000811202411112024            000000000000000                              000                           
0010001300011T 0601897X0000000092096 24778822400003488   700000000000348829112024000000000080877755013060000003488                0900000000000010100000000000000000000000000000000000000   000000000000000000000000004        170192477882     
0010001300012U 060000000000000000000000000000000000000000000000000000000000000000000000808770000000000808770000000000000000000000000000000811202411112024            000000000000000                              000                           
0010001300013T 0601897X0000000092096 24778822400004056   700000000000405629112024000000000056614755013060000004056                0900000000000010100000000000000000000000000000000000000   000000000000000000000000004        170192477882     
0010001300014U 060000000000000000000000000000000000000000000000000000000000000000000000566140000000000566140000000000000000000000000000000811202411112024            000000000000000                              000                           
0010001300015T 0601897X0000000092096 24778822400005067   700000000000506731102024000000000030964033000410000005067                0900000000000010100000000000000000000000000000000000000   000000000000000000000000004        170192477882     
0010001300016U 060000000000007010000000000000000000000000000000000000000000000000000000316650000000000316650000000000000000000000000000000811202411112024            000000000000000                              000                           
0010001300017T 0601897X0000000092096 24778829000008272   7000008272      11112024000000001200564745000010000008272                0900000000000010100000000000000000000000000000000000000   000000000000000000000000004        170192477882     
0010001300018U 060000000000000000000000000000000000000000000000000000000000000000000012005640000000012005640000000000000000000000000000000811202411112024            000000000000000                              000                           
0010001300019T 0601897X0000000092096 24778829000008331   7000008331      31102024000000000128387237001910000008331                0900000000000010100000000000000000000000000000000000000   000000000000000000000000004        170192477882     
0010001300020U 060000000000029090000000000000000000000000000000000000000000000000000001312960000000001312960000000000000000000000000000000811202411112024            000000000000000                              000                           
0010001300021T 0601897X0000000092096 24778829000008378   7000008378      08112024000000104654028001030708000008378                0900000000000010090000000000000000000000000000000000000   000000000000000000000000006        170192477882     
0010001300022U 060000000000000000000000000000000000000000000000000000000000000000001046540280000001046540280000000000000000000000000000000811202411112024            000000000000000                              000                           
0010001300023T 0901897X0000000092096 24778822400000177   700000000000017704102024000000000073191001000566000000177                0900000000000000000000000000000000000000000000000000000   000000000000000000000037209        170192477882     
0010001300024U 090000000000000000000000000000000000000000000000000000000000000000000000000000000000000000000000000000000000000000000000000811202400000000            000000000000000                              000                           
0010001300025T 0901897X0000000092096 24778822400000194   700000000000019404102024000000000065503001003409000000194                0900000000000000000000000000000000000000000000000000000   000000000000000000000037209        170192477882     
0010001300026U 090000000000000000000000000000000000000000000000000000000000000000000000000000000000000000000000000000000000000000000000000811202400000000            000000000000000                              000                           
0010001300027T 0901897X0000000092096 24778822400000203   700000000000020304102024000000000060178001003409000000203                0900000000000000000000000000000000000000000000000000000   000000000000000000000037209        170192477882     
0010001300028U 090000000000000000000000000000000000000000000000000000000000000000000000000000000000000000000000000000000000000000000000000811202400000000            000000000000000                              000                           
0010001300029T 0901897X0000000092096 24778822400000220   700000000000022004102024000000000054123001003409000000220                0900000000000000000000000000000000000000000000000000000   000000000000000000000037209        170192477882     
0010001300030U 090000000000000000000000000000000000000000000000000000000000000000000000000000000000000000000000000000000000000000000000000811202400000000            000000000000000                              000                           
0010001300031T 0901897X0000000092096 24778822400000366   700000000000036604102024000000000035132001004154000000366                0900000000000000000000000000000000000000000000000000000   000000000000000000000037209        170192477882     
0010001300032U 090000000000000000000000000000000000000000000000000000000000000000000000000000000000000000000000000000000000000000000000000811202400000000            000000000000000                              000                           
0010001300033T 0901897X0000000092096 24778822400000572   700000000000057204102024000000000027374001003409000000572                0900000000000000000000000000000000000000000000000000000   000000000000000000000037209        170192477882     
0010001300034U 090000000000000000000000000000000000000000000000000000000000000000000000000000000000000000000000000000000000000000000000000811202400000000            000000000000000                              000                           
0010001300035T 0901897X0000000092096 24778822400000599   700000000000059904102024000000000026349001003018000000599                0900000000000000000000000000000000000000000000000000000   000000000000000000000037209        170192477882     
0010001300036U 090000000000000000000000000000000000000000000000000000000000000000000000000000000000000000000000000000000000000000000000000811202400000000            000000000000000                              000                           
0010001300037T 0901897X0000000092096 24778822400000722   700000000000072204102024000000000022434001004154000000722                0900000000000000000000000000000000000000000000000000000   000000000000000000000037209        170192477882     
0010001300038U 090000000000000000000000000000000000000000000000000000000000000000000000000000000000000000000000000000000000000000000000000811202400000000            000000000000000                              000                           
0010001300039T 1401897X0000000092096 24778829000008099   7000008099      10012025000000008000000001001724000008099                0900000000000000000000000000000000000000000000000000000   000000000000000000000000000        170192477882     
0010001300040U 140000000000000000000000000000000000000000000000000000000000000000000000000000000000000000000000000000000000000000000000000811202400000000            000000000000000                              000                           
00100015         000042002481000000010164099080000000000000000000000000000000000000000000000000000000000000000000000000000000000000000000000000000                                                                                              
00199999         000001000044000000                                                                                                                                                            00000000000000000000000000000                    
