00100000         2115139610001160024778820014       01897X0000000092096 FUNDACAO AGENCIA DAS BACIAS HIBANCO DO BRASIL                         21101202401091700548503000000829973081PROCESSAMEN                                                 
00100011T0100020 20115139610001160024778820014       01897X0000000092096 FUNDACAO AGENCIA DAS BACIAS HI                                                                                000000001101202400000000  000000000                      
0010001300001T 0601897X0000000092096 24778822230007052   700000000000705222122023000000000097589237036840000007052                0900000000000010100000000000000000000000000000000000000   000000000000000000000000004        170192477882     
0010001300002U 060000000000026010000000000000000000000000000000000000000000000000000001001900000000001001900000000000000000000000000000001101202412012024            000000000000000                              000                           
00100015         000004000157000000002091771830000000000000000000000000000000000000000000000000000000000000000000000000000000000000000000000000000                                                                                              
00199999         000001000006000000                                                                                                                                                            00000000000000000000000000000                    
