00100000         2115139610001160024778820014       01897X0000000092096 FUNDACAO AGENCIA DAS BACIAS HIBANCO DO BRASIL                         22901202402285900550503000000829973081PROCESSAMEN                                                 
00100011T0100020 20115139610001160024778820014       01897X0000000092096 FUNDACAO AGENCIA DAS BACIAS HI                                                                                000000002901202400000000  000000000                      
0010001300001T 0601897X0000000092096 24778829000008016   7000008016      31012024000000000152319001031666000008016                0900000000000010060000000000000000000000000000000000000   000000000000000000000000033        170192477882     
0010001300002U 060000000000000000000000000000000000000000000000000000000000000000000001523190000000001523190000000000000000000000000000002901202430012024            000000000000000                              000                           
00100015         000004000050000000001956143590000000000000000000000000000000000000000000000000000000000000000000000000000000000000000000000000000                                                                                              
00199999         000001000006000000                                                                                                                                                            00000000000000000000000000000                    
