00100000         2115139610001160024778820014       01897X0000000092096 FUNDACAO AGENCIA DAS BACIAS HIBANCO DO BRASIL                         22611202402022600585103000000829973081PROCESSAMEN                                                 
00100011T0100020 20115139610001160024778820014       01897X0000000092096 FUNDACAO AGENCIA DAS BACIAS HI                                                                                000000002611202400000000  000000000                      
0010001300001T 0201897X0000000092096 24778829000008409   7000008409      29112024000000000214039001069833000008409                0900000000000010500000000000000000000000000000000000000   0000000000000000000000496A9A4      170192477882     
0010001300002U 020000000000000000000000000000000000000000000000000000000000000000000000000000000000000000000000000000000000000000000000002611202400000000            000000000000000                              000                           
0010001300003T 0601897X0000000092096 24778822400001706   700000000000170629112024000000000023854033036800000001706                0900000000000010100000000000000000000000000000000000000   000000000000000000000000004        170192477882     
0010001300004U 060000000000000000000000000000000000000000000000000000000000000000000000238540000000000238540000000000000000000000000000002611202427112024            000000000000000                              000                           
0010001300005T 0601897X0000000092096 24778822400001763   700000000000176329112024000000000023161341045360000001763                0900000000000010100000000000000000000000000000000000000   000000000000000000000000004        170192477882     
0010001300006U 060000000000000000000000000000000000000000000000000000000000000000000000231610000000000231610000000000000000000000000000002611202427112024            000000000000000                              000                           
0010001300007T 0601897X0000000092096 24778822400001787   700000000000178729112024000000000023031033042040000001787                0900000000000010100000000000000000000000000000000000000   000000000000000000000000004        170192477882     
0010001300008U 060000000000000000000000000000000000000000000000000000000000000000000000230310000000000230310000000000000000000000000000002611202427112024            000000000000000                              000                           
0010001300009T 0601897X0000000092096 24778822400001913   700000000000191329112024000000000021226341015360000001913                0900000000000010100000000000000000000000000000000000000   000000000000000000000000004        170192477882     
0010001300010U 060000000000000000000000000000000000000000000000000000000000000000000000212260000000000212260000000000000000000000000000002611202427112024            000000000000000                              000                           
0010001300011T 0601897X0000000092096 24778822400001916   700000000000191629112024000000000021196104003170000001916                0900000000000010100000000000000000000000000000000000000   000000000000000000000000004        170192477882     
0010001300012U 060000000000000000000000000000000000000000000000000000000000000000000000211960000000000211960000000000000000000000000000002611202427112024            000000000000000                              000                           
0010001300013T 0601897X0000000092096 24778822400002447   700000000000244731102024000000000329663756013490000002447                0900000000000010100000000000000000000000000000000000000   000000000000000000000000004        170192477882     
0010001300014U 060000000000094470000000000000000000000000000000000000000000000000000003391100000000003391100000000000000000000000000000002611202427112024            000000000000000                              000                           
0010001300015T 0601897X0000000092096 24778822400002748   700000000000274829112024000000000182818001031410000002748                0900000000000010010000000000000000000000000000000000000   000000000000000000000000032        170192477882     
0010001300016U 060000000000000000000000000000000000000000000000000000000000000000000001828180000000001828180000000000000000000000000000002611202427112024            000000000000000                              000                           
0010001300017T 0601897X0000000092096 24778822400002944   700000000000294429112024000000000142724033004970000002944                0900000000000010100000000000000000000000000000000000000   000000000000000000000000004        170192477882     
0010001300018U 060000000000000000000000000000000000000000000000000000000000000000000001427240000000001427240000000000000000000000000000002611202427112024            000000000000000                              000                           
0010001300019T 0601897X0000000092096 24778822400003204   700000000000320429112024000000000109788237009270000003204                0900000000000010100000000000000000000000000000000000000   000000000000000000000000004        170192477882     
0010001300020U 060000000000000000000000000000000000000000000000000000000000000000000001097880000000001097880000000000000000000000000000002611202427112024            000000000000000                              000                           
0010001300021T 0601897X0000000092096 24778822400003252   700000000000325229112024000000000105396237029350000003252                0900000000000010100000000000000000000000000000000000000   000000000000000000000000004        170192477882     
0010001300022U 060000000000000000000000000000000000000000000000000000000000000000000001053960000000001053960000000000000000000000000000002611202427112024            000000000000000                              000                           
0010001300023T 0601897X0000000092096 24778822400003276   700000000000327629112024000000000103072001001678000003276                0900000000000010060000000000000000000000000000000000000   000000000000000000000000033        170192477882     
0010001300024U 060000000000000000000000000000000000000000000000000000000000000000000001030720000000001030720000000000000000000000000000002611202427112024            000000000000000                              000                           
0010001300025T 0601897X0000000092096 24778822400003412   700000000000341229112024000000000087830237002150000003412                0900000000000010100000000000000000000000000000000000000   000000000000000000000000004        170192477882     
0010001300026U 060000000000000000000000000000000000000000000000000000000000000000000000878300000000000878300000000000000000000000000000002611202427112024            000000000000000                              000                           
0010001300027T 0601897X0000000092096 24778822400003520   700000000000352029112024000000000079294341064580000003520                0900000000000010100000000000000000000000000000000000000   000000000000000000000000004        170192477882     
0010001300028U 060000000000000000000000000000000000000000000000000000000000000000000000792940000000000792940000000000000000000000000000002611202427112024            000000000000000                              000                           
0010001300029T 0601897X0000000092096 24778822400003592   700000000000359229112024000000000073192001031666000003592                0900000000000010060000000000000000000000000000000000000   000000000000000000000000033        170192477882     
0010001300030U 060000000000000000000000000000000000000000000000000000000000000000000000731920000000000731920000000000000000000000000000002611202427112024            000000000000000                              000                           
0010001300031T 0601897X0000000092096 24778822400003876   700000000000387629112024000000000062567341080460000003876                0900000000000010100000000000000000000000000000000000000   000000000000000000000000004        170192477882     
0010001300032U 060000000000000000000000000000000000000000000000000000000000000000000000625670000000000625670000000000000000000000000000002611202427112024            000000000000000                              000                           
0010001300033T 0601897X0000000092096 24778822400003928   700000000000392829112024000000000059615341000550000003928                0900000000000010100000000000000000000000000000000000000   000000000000000000000000004        170192477882     
0010001300034U 060000000000000000000000000000000000000000000000000000000000000000000000596150000000000596150000000000000000000000000000002611202427112024            000000000000000                              000                           
0010001300035T 0601897X0000000092096 24778822400004364   700000000000436429112024000000000044596033043780000004364                0900000000000010100000000000000000000000000000000000000   000000000000000000000000004        170192477882     
0010001300036U 060000000000000000000000000000000000000000000000000000000000000000000000445960000000000445960000000000000000000000000000002611202427112024            000000000000000                              000                           
0010001300037T 0601897X0000000092096 24778822400004956   700000000000495629112024000000000032707341012920000004956                0900000000000010100000000000000000000000000000000000000   000000000000000000000000004        170192477882     
0010001300038U 060000000000000000000000000000000000000000000000000000000000000000000000327070000000000327070000000000000000000000000000002611202427112024            000000000000000                              000                           
0010001300039T 0601897X0000000092096 24778822400005496   700000000000549629112024000000000023407237002150000005496                0900000000000010100000000000000000000000000000000000000   000000000000000000000000004        170192477882     
0010001300040U 060000000000000000000000000000000000000000000000000000000000000000000000234070000000000234070000000000000000000000000000002511202426112024            000000000000000                              000                           
0010001300041T 0601897X0000000092096 24778822400005540   700000000000554029112024000000000022909341001620000005540                0900000000000010100000000000000000000000000000000000000   000000000000000000000000004        170192477882     
0010001300042U 060000000000000000000000000000000000000000000000000000000000000000000000229090000000000229090000000000000000000000000000002611202427112024            000000000000000                              000                           
0010001300043T 0601897X0000000092096 24778829000008382   7000008382      29112024000000000295537033004970000008382                0900000000000010100000000000000000000000000000000000000   000000000000000000000000004        170192477882     
0010001300044U 060000000000000000000000000000000000000000000000000000000000000000000002955370000000002955370000000000000000000000000000002611202427112024            000000000000000                              000                           
00100015         000046002335000000009669585290000000000000000000000000000000000000000000000000000000000000000000000000000000000000000000000000000                                                                                              
00199999         000001000048000000                                                                                                                                                            00000000000000000000000000000                    
