00100000         2115139610001160024778820014       01897X0000000092096 FUNDACAO AGENCIA DAS BACIAS HIBANCO DO BRASIL                         21211202402031500583503000000829973081PROCESSAMEN                                                 
00100011T0100020 20115139610001160024778820014       01897X0000000092096 FUNDACAO AGENCIA DAS BACIAS HI                                                                                000000001211202400000000  000000000                      
0010001300001T 0201897X0000000092096 24778829000008388   7000008388      29112024000000000130227001007994000008388                0900000000000010000000000000000000000000000000000000000   0000000000000000000000496A9        170192477882     
0010001300002U 020000000000000000000000000000000000000000000000000000000000000000000000000000000000000000000000000000000000000000000000001211202400000000            000000000000000                              000                           
0010001300003T 0201897X0000000092096 24778829000008389   7000008389      29112024000000000300522001004154000008389                0900000000000010500000000000000000000000000000000000000   0000000000000000000000496A9A4      170192477882     
0010001300004U 020000000000000000000000000000000000000000000000000000000000000000000000000000000000000000000000000000000000000000000000001211202400000000            000000000000000                              000                           
0010001300005T 0201897X0000000092096 24778829000008390   7000008390      2911202400000000003509200101849X000008390                0900000000000010500000000000000000000000000000000000000   0000000000000000000000496A9A4      170192477882     
0010001300006U 020000000000000000000000000000000000000000000000000000000000000000000000000000000000000000000000000000000000000000000000001211202400000000            000000000000000                              000                           
0010001300007T 0201897X0000000092096 24778829000008391   7000008391      29112024000000000424661001066583000008391                0900000000000010500000000000000000000000000000000000000   0000000000000000000000496A9A4      170192477882     
0010001300008U 020000000000000000000000000000000000000000000000000000000000000000000000000000000000000000000000000000000000000000000000001211202400000000            000000000000000                              000                           
0010001300009T 0601897X0000000092096 24778822400001182   700000000000118231102024000000000025860756013490000001182                0900000000000010100000000000000000000000000000000000000   000000000000000000000000004        170192477882     
0010001300010U 060000000000006200000000000000000000000000000000000000000000000000000000264800000000000264800000000000000000000000000000001211202413112024            000000000000000                              000                           
0010001300011T 0601897X0000000092096 24778822400001636   700000000000163631102024000000000024397341018740000001636                0900000000000010100000000000000000000000000000000000000   000000000000000000000000004        170192477882     
0010001300012U 060000000000005840000000000000000000000000000000000000000000000000000000249810000000000249810000000000000000000000000000001211202413112024            000000000000000                              000                           
0010001300013T 0601897X0000000092096 24778822400002220   700000000000222029112024000000000812243745000010000002220                0900000000000010100000000000000000000000000000000000000   000000000000000000000000004        170192477882     
0010001300014U 060000000000000000000000000000000000000000000000000000000000000000000008122430000000008122430000000000000000000000000000001211202413112024            000000000000000                              000                           
0010001300015T 0601897X0000000092096 24778822400002927   700000000000292731102024000000000144402756013490000002927                0900000000000010100000000000000000000000000000000000000   000000000000000000000000004        170192477882     
0010001300016U 060000000000034650000000000000000000000000000000000000000000000000000001478670000000001478670000000000000000000000000000001211202413112024            000000000000000                              000                           
0010001300017T 0601897X0000000092096 24778822400003700   700000000000370029112024000000000070430237019150000003700                0900000000000010100000000000000000000000000000000000000   000000000000000000000000004        170192477882     
0010001300018U 060000000000000000000000000000000000000000000000000000000000000000000000704300000000000704300000000000000000000000000000001211202413112024            000000000000000                              000                           
0010001300019T 0601897X0000000092096 24778822400004084   700000000000408429112024000000000055992033043970000004084                0900000000000010100000000000000000000000000000000000000   000000000000000000000000004        170192477882     
0010001300020U 060000000000000000000000000000000000000000000000000000000000000000000000559920000000000559920000000000000000000000000000001211202413112024            000000000000000                              000                           
0010001300021T 0601897X0000000092096 24778822400004128   700000000000412829112024000000000054894001009903000004128                0900000000000010060000000000000000000000000000000000000   000000000000000000000000033        170192477882     
0010001300022U 060000000000000000000000000000000000000000000000000000000000000000000000548940000000000548940000000000000000000000000000001211202413112024            000000000000000                              000                           
0010001300023T 0601897X0000000092096 24778822400005108   700000000000510829112024000000000030169341002770000005108                0900000000000010100000000000000000000000000000000000000   000000000000000000000000004        170192477882     
0010001300024U 060000000000000000000000000000000000000000000000000000000000000000000000301690000000000301690000000000000000000000000000001211202413112024            000000000000000                              000                           
0010001300025T 0901897X0000000092096 24778822400000550   700000000000055007102024000000000028073001003409000000550                0900000000000000000000000000000000000000000000000000000   000000000000000000000037209        170192477882     
0010001300026U 090000000000000000000000000000000000000000000000000000000000000000000000000000000000000000000000000000000000000000000000001211202400000000            000000000000000                              000                           
0010001300027T 0901897X0000000092096 24778822400000969   700000000000096907102024000000000011301001001678000000969                0900000000000000000000000000000000000000000000000000000   000000000000000000000037209        170192477882     
0010001300028U 090000000000000000000000000000000000000000000000000000000000000000000000000000000000000000000000000000000000000000000000001211202400000000            000000000000000                              000                           
0010001300029T 0901897X0000000092096 24778822400003034   700000000000303407102024000000000128084001001724000003034                0900000000000000000000000000000000000000000000000000000   000000000000000000000037209        170192477882     
0010001300030U 090000000000000000000000000000000000000000000000000000000000000000000000000000000000000000000000000000000000000000000000001211202400000000            000000000000000                              000                           
0010001300031T 0301897X0000000092096 24778829000008387   7000008387      2911202400000000021813400100000 000008387                0900000000000000000000000000000000000000000000000000000   000000000000000000000000046        170192477882     
0010001300032U 030000000000000000000000000000000000000000000000000000000000000000000000000000000000000000000000000000000000000000000000001211202400000000            000000000000000                              000                           
00100015         000034002473000000010168730350000000000000000000000000000000000000000000000000000000000000000000000000000000000000000000000000000                                                                                              
00199999         000001000036000000                                                                                                                                                            00000000000000000000000000000                    
