00100000         2115139610001160024778820014       01897X0000000092096 FUNDACAO AGENCIA DAS BACIAS HIBANCO DO BRASIL                         20901202401365800548103000000829973081PROCESSAMEN                                                 
00100011T0100020 20115139610001160024778820014       01897X0000000092096 FUNDACAO AGENCIA DAS BACIAS HI                                                                                000000000901202400000000  000000000                      
0010001300001T 0201897X0000000092096 24778829000008008   7000008008      31012024000000000026909001043036000008008                0900000000000010000000000000000000000000000000000000000   0000000000000000000000496A9        170192477882     
0010001300002U 020000000000000000000000000000000000000000000000000000000000000000000000000000000000000000000000000000000000000000000000000901202400000000            000000000000000                              000                           
0010001300003T 0201897X0000000092096 24778829000008009   7000008009      31012024000000000006548001003190000008009                0900000000000010000000000000000000000000000000000000000   0000000000000000000000496A9        170192477882     
0010001300004U 020000000000000000000000000000000000000000000000000000000000000000000000000000000000000000000000000000000000000000000000000901202400000000            000000000000000                              000                           
0010001300005T 0201897X0000000092096 24778829000008010   7000008010      31012024000000000185548001009903000008010                0900000000000010000000000000000000000000000000000000000   0000000000000000000000496A9        170192477882     
0010001300006U 020000000000000000000000000000000000000000000000000000000000000000000000000000000000000000000000000000000000000000000000000901202400000000            000000000000000                              000                           
0010001300007T 0201897X0000000092096 24778829000008011   7000008011      3101202400000000003380500101849X000008011                0900000000000010000000000000000000000000000000000000000   0000000000000000000000496A9        170192477882     
0010001300008U 020000000000000000000000000000000000000000000000000000000000000000000000000000000000000000000000000000000000000000000000000901202400000000            000000000000000                              000                           
0010001300009T 0201897X0000000092096 24778829000008012   7000008012      31012024000000000027077001014753000008012                0900000000000010000000000000000000000000000000000000000   0000000000000000000000496A9        170192477882     
0010001300010U 020000000000000000000000000000000000000000000000000000000000000000000000000000000000000000000000000000000000000000000000000901202400000000            000000000000000                              000                           
0010001300011T 0601897X0000000092096 24778822230005018   700000000000501822122023000000000175695341009100000005018                0900000000000010100000000000000000000000000000000000000   000000000000000000000000004        170192477882     
0010001300012U 060000000000045670000000000000000000000000000000000000000000000000000001802620000000001802620000000000000000000000000000000901202410012024            000000000000000                              000                           
0010001300013T 0601897X0000000092096 24778822230005486   700000000000548622122023000000000028724237003220000005486                0900000000000010100000000000000000000000000000000000000   000000000000000000000000004        170192477882     
0010001300014U 060000000000007460000000000000000000000000000000000000000000000000000000294700000000000294700000000000000000000000000000000901202410012024            000000000000000                              000                           
00100015         000016000156000000002091962330000000000000000000000000000000000000000000000000000000000000000000000000000000000000000000000000000                                                                                              
00199999         000001000018000000                                                                                                                                                            00000000000000000000000000000                    
