00100000         2115139610001160024778820014       01897X0000000092096 FUNDACAO AGENCIA DAS BACIAS HIBANCO DO BRASIL                         20501202401225700547703000000829973081PROCESSAMEN                                                 
00100011T0100020 20115139610001160024778820014       01897X0000000092096 FUNDACAO AGENCIA DAS BACIAS HI                                                                                000000000501202400000000  000000000                      
0010001300001T 0201897X0000000092096 24778829000007993   7000007993      3101202400000000055742700101849X000007993                0900000000000010000000000000000000000000000000000000000   0000000000000000000000496A9        170192477882     
0010001300002U 020000000000000000000000000000000000000000000000000000000000000000000000000000000000000000000000000000000000000000000000000501202400000000            000000000000000                              000                           
0010001300003T 0201897X0000000092096 24778829000007994   7000007994      31012024000000000033014001003409000007994                0900000000000010000000000000000000000000000000000000000   0000000000000000000000496A9        170192477882     
0010001300004U 020000000000000000000000000000000000000000000000000000000000000000000000000000000000000000000000000000000000000000000000000501202400000000            000000000000000                              000                           
0010001300005T 0201897X0000000092096 24778829000007995   7000007995      31012024000000000018758001009946000007995                0900000000000010000000000000000000000000000000000000000   0000000000000000000000496A9        170192477882     
0010001300006U 020000000000000000000000000000000000000000000000000000000000000000000000000000000000000000000000000000000000000000000000000501202400000000            000000000000000                              000                           
0010001300007T 0201897X0000000092096 24778829000007996   7000007996      3101202400000000002313000101849X000007996                0900000000000010500000000000000000000000000000000000000   0000000000000000000000496A9A4      170192477882     
0010001300008U 020000000000000000000000000000000000000000000000000000000000000000000000000000000000000000000000000000000000000000000000000501202400000000            000000000000000                              000                           
0010001300009T 0201897X0000000092096 24778829000007997   7000007997      31012024000000000024545001003190000007997                0900000000000010500000000000000000000000000000000000000   0000000000000000000000496A9A4      170192477882     
0010001300010U 020000000000000000000000000000000000000000000000000000000000000000000000000000000000000000000000000000000000000000000000000501202400000000            000000000000000                              000                           
0010001300011T 0201897X0000000092096 24778829000007998   7000007998      31012024000000000025360001004561000007998                0900000000000010000000000000000000000000000000000000000   0000000000000000000000496A9        170192477882     
0010001300012U 020000000000000000000000000000000000000000000000000000000000000000000000000000000000000000000000000000000000000000000000000501202400000000            000000000000000                              000                           
0010001300013T 0201897X0000000092096 24778829000007999   7000007999      31012024000000000059163001004154000007999                0900000000000010000000000000000000000000000000000000000   0000000000000000000000496A9        170192477882     
0010001300014U 020000000000000000000000000000000000000000000000000000000000000000000000000000000000000000000000000000000000000000000000000501202400000000            000000000000000                              000                           
00100015         000016000147000000001973249740000000000000000000000000000000000000000000000000000000000000000000000000000000000000000000000000000                                                                                              
00199999         000001000018000000                                                                                                                                                            00000000000000000000000000000                    
