00100000         2115139610001160024778820014       01897X0000000092096 FUNDACAO AGENCIA DAS BACIAS HIBANCO DO BRASIL                         22509202402022200576703000000829973081PROCESSAMEN                                                 
00100011T0100020 20115139610001160024778820014       01897X0000000092096 FUNDACAO AGENCIA DAS BACIAS HI                                                                                000000002509202400000000  000000000                      
0010001300001T 0601897X0000000092096 24778822400000041   700000000000004130092024000000000334542237020020000000041                0900000000000010100000000000000000000000000000000000000   000000000000000000000000004        170192477882     
0010001300002U 060000000000000000000000000000000000000000000000000000000000000000000003345420000000003345420000000000000000000000000000002509202426092024            000000000000000                              000                           
0010001300003T 0601897X0000000092096 24778822400000047   70000000000000473009202400000000030356700101897X000000047                0900000000000010090000000000000000000000000000000000000   000000000000000000000000006        170192477882     
0010001300004U 060000000000000000000000000000000000000000000000000000000000000000000003035670000000003035670000000000000000000000000000002509202426092024            000000000000000                              000                           
0010001300005T 0601897X0000000092096 24778822400000084   700000000000008430092024000000000171777745000040000000084                0900000000000010100000000000000000000000000000000000000   000000000000000000000000004        170192477882     
0010001300006U 060000000000000000000000000000000000000000000000000000000000000000000001717770000000001717770000000000000000000000000000002509202426092024            000000000000000                              000                           
0010001300007T 0601897X0000000092096 24778822400000094   700000000000009430092024000000000151842341064480000000094                0900000000000010100000000000000000000000000000000000000   000000000000000000000000004        170192477882     
0010001300008U 060000000000000000000000000000000000000000000000000000000000000000000001518420000000001518420000000000000000000000000000002509202426092024            000000000000000                              000                           
0010001300009T 0601897X0000000092096 24778822400000103   700000000000010330092024000000000142618033048780000000103                0900000000000010100000000000000000000000000000000000000   000000000000000000000000004        170192477882     
0010001300010U 060000000000000000000000000000000000000000000000000000000000000000000001426180000000001426180000000000000000000000000000002509202426092024            000000000000000                              000                           
0010001300011T 0601897X0000000092096 24778822400000160   700000000000016030092024000000000087830341074480000000160                0900000000000010100000000000000000000000000000000000000   000000000000000000000000004        170192477882     
0010001300012U 060000000000000000000000000000000000000000000000000000000000000000000000878300000000000878300000000000000000000000000000002509202426092024            000000000000000                              000                           
0010001300013T 0601897X0000000092096 24778822400000191   700000000000019130092024000000000065873237023740000000191                0900000000000010100000000000000000000000000000000000000   000000000000000000000000004        170192477882     
0010001300014U 060000000000000000000000000000000000000000000000000000000000000000000000658730000000000658730000000000000000000000000000002509202426092024            000000000000000                              000                           
0010001300015T 0601897X0000000092096 24778822400000214   700000000000021430092024000000000056051237033960000000214                0900000000000010100000000000000000000000000000000000000   000000000000000000000000004        170192477882     
0010001300016U 060000000000000000000000000000000000000000000000000000000000000000000000560510000000000560510000000000000000000000000000002509202426092024            000000000000000                              000                           
0010001300017T 0601897X0000000092096 24778822400000252   700000000000025230092024000000000043914341029460000000252                0900000000000010100000000000000000000000000000000000000   000000000000000000000000004        170192477882     
0010001300018U 060000000000000000000000000000000000000000000000000000000000000000000000439140000000000439140000000000000000000000000000002509202426092024            000000000000000                              000                           
0010001300019T 0601897X0000000092096 24778822400000415   700000000000041530092024000000000032205341013700000000415                0900000000000010100000000000000000000000000000000000000   000000000000000000000000004        170192477882     
0010001300020U 060000000000000000000000000000000000000000000000000000000000000000000000322050000000000322050000000000000000000000000000002509202426092024            000000000000000                              000                           
0010001300021T 0601897X0000000092096 24778822400000494   700000000000049430092024000000000029277237002150000000494                0900000000000010100000000000000000000000000000000000000   000000000000000000000000004        170192477882     
0010001300022U 060000000000000000000000000000000000000000000000000000000000000000000000292770000000000292770000000000000000000000000000002509202426092024            000000000000000                              000                           
0010001300023T 0601897X0000000092096 24778822400000560   700000000000056030092024000000000027671341000280000000560                0900000000000010100000000000000000000000000000000000000   000000000000000000000000004        170192477882     
0010001300024U 060000000000000000000000000000000000000000000000000000000000000000000000276710000000000276710000000000000000000000000000002509202426092024            000000000000000                              000                           
0010001300025T 0601897X0000000092096 24778822400000634   700000000000063430092024000000000025029033000740000000634                0900000000000010100000000000000000000000000000000000000   000000000000000000000000004        170192477882     
0010001300026U 060000000000000000000000000000000000000000000000000000000000000000000000250290000000000250290000000000000000000000000000002509202426092024            000000000000000                              000                           
0010001300027T 0601897X0000000092096 24778822400000638   700000000000063830092024000000000025026237023740000000638                0900000000000010100000000000000000000000000000000000000   000000000000000000000000004        170192477882     
0010001300028U 060000000000000000000000000000000000000000000000000000000000000000000000250260000000000250260000000000000000000000000000002509202426092024            000000000000000                              000                           
0010001300029T 0601897X0000000092096 24778822400000817   700000000000081730092024000000000019192341011450000000817                0900000000000010100000000000000000000000000000000000000   000000000000000000000000004        170192477882     
0010001300030U 060000000000000000000000000000000000000000000000000000000000000000000000191920000000000191920000000000000000000000000000002509202426092024            000000000000000                              000                           
0010001300031T 0601897X0000000092096 24778822400000823   700000000000082330092024000000000019015756009900000000823                0900000000000010100000000000000000000000000000000000000   000000000000000000000000004        170192477882     
0010001300032U 060000000000000000000000000000000000000000000000000000000000000000000000190150000000000190150000000000000000000000000000002509202426092024            000000000000000                              000                           
0010001300033T 0601897X0000000092096 24778822400000842   700000000000084230092024000000000017752237003220000000842                0900000000000010100000000000000000000000000000000000000   000000000000000000000000004        170192477882     
0010001300034U 060000000000000000000000000000000000000000000000000000000000000000000000177520000000000177520000000000000000000000000000002509202426092024            000000000000000                              000                           
0010001300035T 0601897X0000000092096 24778822400000859   700000000000085930092024000000000017325341001100000000859                0900000000000010100000000000000000000000000000000000000   000000000000000000000000004        170192477882     
0010001300036U 060000000000000000000000000000000000000000000000000000000000000000000000173250000000000173250000000000000000000000000000002509202426092024            000000000000000                              000                           
0010001300037T 0601897X0000000092096 24778822400000918   700000000000091830092024000000000014522341048970000000918                0900000000000010100000000000000000000000000000000000000   000000000000000000000000004        170192477882     
0010001300038U 060000000000000000000000000000000000000000000000000000000000000000000000145220000000000145220000000000000000000000000000002509202426092024            000000000000000                              000                           
0010001300039T 0601897X0000000092096 24778822400000953   700000000000095330092024000000000012996033037060000000953                0900000000000010100000000000000000000000000000000000000   000000000000000000000000004        170192477882     
0010001300040U 060000000000000000000000000000000000000000000000000000000000000000000000129960000000000129960000000000000000000000000000002509202426092024            000000000000000                              000                           
0010001300041T 0601897X0000000092096 24778822400000964   700000000000096430092024000000000011835237002150000000964                0900000000000010100000000000000000000000000000000000000   000000000000000000000000004        170192477882     
0010001300042U 060000000000000000000000000000000000000000000000000000000000000000000000118350000000000118350000000000000000000000000000002509202426092024            000000000000000                              000                           
0010001300043T 0601897X0000000092096 24778822400001035   700000000000103530092024000000000029276341069220000001035                0900000000000010100000000000000000000000000000000000000   000000000000000000000000004        170192477882     
0010001300044U 060000000000000000000000000000000000000000000000000000000000000000000000292760000000000292760000000000000000000000000000002509202426092024            000000000000000                              000                           
0010001300045T 0601897X0000000092096 24778822400001129   700000000000112930092024000000000027229001009903000001129                0900000000000010040000000000000000000000000000000000000   000000000000000000000000034        170192477882     
0010001300046U 060000000000000000000000000000000000000000000000000000000000000000000000272290000000000272290000000000000000000000000000002509202426092024            000000000000000                              000                           
0010001300047T 0601897X0000000092096 24778822400001139   700000000000113930092024000000000026589341000760000001139                0900000000000010100000000000000000000000000000000000000   000000000000000000000000004        170192477882     
0010001300048U 060000000000000000000000000000000000000000000000000000000000000000000000265890000000000265890000000000000000000000000000002509202426092024            000000000000000                              000                           
0010001300049T 0601897X0000000092096 24778822400001140   700000000000114031102024000000000026590341000760000001140                0900000000000010100000000000000000000000000000000000000   000000000000000000000000004        170192477882     
0010001300050U 060000000000000000000000000000000000000000000000000000000000000000000000265900000000000265900000000000000000000000000000002509202426092024            000000000000000                              000                           
0010001300051T 0601897X0000000092096 24778822400001141   700000000000114130092024000000000026423104033370000001141                0900000000000010100000000000000000000000000000000000000   000000000000000000000000004        170192477882     
0010001300052U 060000000000000000000000000000000000000000000000000000000000000000000000264230000000000264230000000000000000000000000000002509202426092024            000000000000000                              000                           
0010001300053T 0601897X0000000092096 24778822400001211   700000000000121130092024000000000025227341002770000001211                0900000000000010100000000000000000000000000000000000000   000000000000000000000000004        170192477882     
0010001300054U 060000000000000000000000000000000000000000000000000000000000000000000000252270000000000252270000000000000000000000000000002509202426092024            000000000000000                              000                           
0010001300055T 0601897X0000000092096 24778822400001271   700000000000127130092024000000000023824104029090000001271                0900000000000010100000000000000000000000000000000000000   000000000000000000000000004        170192477882     
0010001300056U 060000000000000000000000000000000000000000000000000000000000000000000000238240000000000238240000000000000000000000000000002509202426092024            000000000000000                              000                           
0010001300057T 0601897X0000000092096 24778822400001506   700000000000150630092024000000000026500104002780000001506                0900000000000010100000000000000000000000000000000000000   000000000000000000000000004        170192477882     
0010001300058U 060000000000000000000000000000000000000000000000000000000000000000000000265000000000000265000000000000000000000000000000002509202426092024            000000000000000                              000                           
0010001300059T 0601897X0000000092096 24778822400001671   700000000000167130092024000000000024315341000970000001671                0900000000000010100000000000000000000000000000000000000   000000000000000000000000004        170192477882     
0010001300060U 060000000000000000000000000000000000000000000000000000000000000000000000243150000000000243150000000000000000000000000000002509202426092024            000000000000000                              000                           
0010001300061T 0601897X0000000092096 24778822400001752   700000000000175230092024000000000023296341004450000001752                0900000000000010100000000000000000000000000000000000000   000000000000000000000000004        170192477882     
0010001300062U 060000000000000000000000000000000000000000000000000000000000000000000000232960000000000232960000000000000000000000000000002509202426092024            000000000000000                              000                           
0010001300063T 0601897X0000000092096 24778822400001833   700000000000183330092024000000000022005104002780000001833                0900000000000010100000000000000000000000000000000000000   000000000000000000000000004        170192477882     
0010001300064U 060000000000000000000000000000000000000000000000000000000000000000000000220050000000000220050000000000000000000000000000002509202426092024            000000000000000                              000                           
0010001300065T 0601897X0000000092096 24778822400001872   700000000000187230092024000000000021896237033890000001872                0900000000000010100000000000000000000000000000000000000   000000000000000000000000004        170192477882     
0010001300066U 060000000000000000000000000000000000000000000000000000000000000000000000218960000000000218960000000000000000000000000000002509202426092024            000000000000000                              000                           
0010001300067T 0601897X0000000092096 24778822400001938   700000000000193830092024000000000020597509000010000001938                0900000000000010100000000000000000000000000000000000000   000000000000000000000000004        170192477882     
0010001300068U 060000000000000000000000000000000000000000000000000000000000000000000000205970000000000205970000000000000000000000000000002509202426092024            000000000000000                              000                           
0010001300069T 0601897X0000000092096 24778822400002014   700000000000201430092024000000012923623104030800000002014                0900000000000010100000000000000000000000000000000000000   000000000000000000000000004        170192477882     
0010001300070U 060000000000000000000000000000000000000000000000000000000000000000000129236230000000129236230000000000000000000000000000002509202426092024            000000000000000                              000                           
0010001300071T 0601897X0000000092096 24778822400002026   700000000000202630092024000000009331104104030800000002026                0900000000000010100000000000000000000000000000000000000   000000000000000000000000004        170192477882     
0010001300072U 060000000000000000000000000000000000000000000000000000000000000000000093311040000000093311040000000000000000000000000000002509202426092024            000000000000000                              000                           
0010001300073T 0601897X0000000092096 24778822400002078   700000000000207830092024000000003829100033002850000002078                0900000000000010100000000000000000000000000000000000000   000000000000000000000000004        170192477882     
0010001300074U 060000000000000000000000000000000000000000000000000000000000000000000038291000000000038291000000000000000000000000000000002509202426092024            000000000000000                              000                           
0010001300075T 0601897X0000000092096 24778822400002110   700000000000211030092024000000002711365341009100000002110                0900000000000010100000000000000000000000000000000000000   000000000000000000000000004        170192477882     
0010001300076U 060000000000000000000000000000000000000000000000000000000000000000000027113650000000027113650000000000000000000000000000002509202426092024            000000000000000                              000                           
0010001300077T 0601897X0000000092096 24778822400002126   700000000000212630092024000000001860979104030800000002126                0900000000000010100000000000000000000000000000000000000   000000000000000000000000004        170192477882     
0010001300078U 060000000000000000000000000000000000000000000000000000000000000000000018609790000000018609790000000000000000000000000000002509202426092024            000000000000000                              000                           
0010001300079T 0601897X0000000092096 24778822400002402   700000000000240230092024000000000368583745000010000002402                0900000000000010100000000000000000000000000000000000000   000000000000000000000000004        170192477882     
0010001300080U 060000000000000000000000000000000000000000000000000000000000000000000003685830000000003685830000000000000000000000000000002509202426092024            000000000000000                              000                           
0010001300081T 0601897X0000000092096 24778822400002498   700000000000249830092024000000000294123033022710000002498                0900000000000010100000000000000000000000000000000000000   000000000000000000000000004        170192477882     
0010001300082U 060000000000000000000000000000000000000000000000000000000000000000000002941230000000002941230000000000000000000000000000002509202426092024            000000000000000                              000                           
0010001300083T 0601897X0000000092096 24778822400002499   700000000000249931102024000000000294123033022710000002499                0900000000000010100000000000000000000000000000000000000   000000000000000000000000004        170192477882     
0010001300084U 060000000000000000000000000000000000000000000000000000000000000000000002941230000000002941230000000000000000000000000000002509202426092024            000000000000000                              000                           
0010001300085T 0601897X0000000092096 24778822400002500   700000000000250029112024000000000294123033022710000002500                0900000000000010100000000000000000000000000000000000000   000000000000000000000000004        170192477882     
0010001300086U 060000000000000000000000000000000000000000000000000000000000000000000002941230000000002941230000000000000000000000000000002509202426092024            000000000000000                              000                           
0010001300087T 0601897X0000000092096 24778822400002501   700000000000250119122024000000000294123033022710000002501                0900000000000010100000000000000000000000000000000000000   000000000000000000000000004        170192477882     
0010001300088U 060000000000000000000000000000000000000000000000000000000000000000000002941230000000002941230000000000000000000000000000002509202426092024            000000000000000                              000                           
0010001300089T 0601897X0000000092096 24778822400002530   700000000000253030092024000000000270604745000010000002530                0900000000000010100000000000000000000000000000000000000   000000000000000000000000004        170192477882     
0010001300090U 060000000000000000000000000000000000000000000000000000000000000000000002706040000000002706040000000000000000000000000000002509202426092024            000000000000000                              000                           
0010001300091T 0601897X0000000092096 24778822400002638   700000000000263830092024000000000216336341015650000002638                0900000000000010100000000000000000000000000000000000000   000000000000000000000000004        170192477882     
0010001300092U 060000000000000000000000000000000000000000000000000000000000000000000002163360000000002163360000000000000000000000000000002509202426092024            000000000000000                              000                           
0010001300093T 0601897X0000000092096 24778822400002754   700000000000275430092024000000000181223341048360000002754                0900000000000010100000000000000000000000000000000000000   000000000000000000000000004        170192477882     
0010001300094U 060000000000000000000000000000000000000000000000000000000000000000000001812230000000001812230000000000000000000000000000002509202426092024            000000000000000                              000                           
0010001300095T 0601897X0000000092096 24778822400002850   700000000000285030092024000000000155115341015650000002850                0900000000000010100000000000000000000000000000000000000   000000000000000000000000004        170192477882     
0010001300096U 060000000000000000000000000000000000000000000000000000000000000000000001551150000000001551150000000000000000000000000000002509202426092024            000000000000000                              000                           
0010001300097T 0601897X0000000092096 24778822400002974   700000000000297430092024000000000132398341000090000002974                0900000000000010100000000000000000000000000000000000000   000000000000000000000000004        170192477882     
0010001300098U 060000000000000000000000000000000000000000000000000000000000000000000001323980000000001323980000000000000000000000000000002509202426092024            000000000000000                              000                           
0010001300099T 0601897X0000000092096 24778822400003058   700000000000305830092024000000000125542341008970000003058                0900000000000010100000000000000000000000000000000000000   000000000000000000000000004        170192477882     
0010001300100U 060000000000000000000000000000000000000000000000000000000000000000000001255420000000001255420000000000000000000000000000002509202426092024            000000000000000                              000                           
0010001300101T 0601897X0000000092096 24778822400003094   70000000000030943009202400000000012040300103360X000003094                0900000000000010040000000000000000000000000000000000000   000000000000000000000000034        170192477882     
0010001300102U 060000000000000000000000000000000000000000000000000000000000000000000001204030000000001204030000000000000000000000000000002509202426092024            000000000000000                              000                           
0010001300103T 0601897X0000000092096 24778822400003138   700000000000313830092024000000000113470033022710000003138                0900000000000010100000000000000000000000000000000000000   000000000000000000000000004        170192477882     
0010001300104U 060000000000000000000000000000000000000000000000000000000000000000000001134700000000001134700000000000000000000000000000002509202426092024            000000000000000                              000                           
0010001300105T 0601897X0000000092096 24778822400003140   700000000000314029112024000000000113470033022710000003140                0900000000000010100000000000000000000000000000000000000   000000000000000000000000004        170192477882     
0010001300106U 060000000000000000000000000000000000000000000000000000000000000000000001134700000000001134700000000000000000000000000000002509202426092024            000000000000000                              000                           
0010001300107T 0601897X0000000092096 24778822400003141   700000000000314119122024000000000113470033022710000003141                0900000000000010100000000000000000000000000000000000000   000000000000000000000000004        170192477882     
0010001300108U 060000000000000000000000000000000000000000000000000000000000000000000001134700000000001134700000000000000000000000000000002509202426092024            000000000000000                              000                           
0010001300109T 0601897X0000000092096 24778822400003182   700000000000318230092024000000000111144341015650000003182                0900000000000010100000000000000000000000000000000000000   000000000000000000000000004        170192477882     
0010001300110U 060000000000000000000000000000000000000000000000000000000000000000000001111440000000001111440000000000000000000000000000002509202426092024            000000000000000                              000                           
0010001300111T 0601897X0000000092096 24778822400003202   700000000000320230092024000000000109786237009270000003202                0900000000000010100000000000000000000000000000000000000   000000000000000000000000004        170192477882     
0010001300112U 060000000000000000000000000000000000000000000000000000000000000000000001097860000000001097860000000000000000000000000000002509202426092024            000000000000000                              000                           
0010001300113T 0601897X0000000092096 24778822400003262   700000000000326230092024000000000104628341042780000003262                0900000000000010100000000000000000000000000000000000000   000000000000000000000000004        170192477882     
0010001300114U 060000000000000000000000000000000000000000000000000000000000000000000001046280000000001046280000000000000000000000000000002509202426092024            000000000000000                              000                           
0010001300115T 0601897X0000000092096 24778822400003310   700000000000331030092024000000000098789341000280000003310                0900000000000010100000000000000000000000000000000000000   000000000000000000000000004        170192477882     
0010001300116U 060000000000000000000000000000000000000000000000000000000000000000000000987890000000000987890000000000000000000000000000002509202426092024            000000000000000                              000                           
0010001300117T 0601897X0000000092096 24778822400003318   700000000000331830092024000000000095439341002770000003318                0900000000000010100000000000000000000000000000000000000   000000000000000000000000004        170192477882     
0010001300118U 060000000000000000000000000000000000000000000000000000000000000000000000954390000000000954390000000000000000000000000000002509202426092024            000000000000000                              000                           
0010001300119T 0601897X0000000092096 24778822400003410   700000000000341030092024000000000087830237002150000003410                0900000000000010100000000000000000000000000000000000000   000000000000000000000000004        170192477882     
0010001300120U 060000000000000000000000000000000000000000000000000000000000000000000000878300000000000878300000000000000000000000000000002509202426092024            000000000000000                              000                           
0010001300121T 0601897X0000000092096 24778822400003678   700000000000367830092024000000000071285756011310000003678                0900000000000010100000000000000000000000000000000000000   000000000000000000000000004        170192477882     
0010001300122U 060000000000000000000000000000000000000000000000000000000000000000000000712850000000000712850000000000000000000000000000002509202426092024            000000000000000                              000                           
0010001300123T 0601897X0000000092096 24778822400003894   700000000000389430092024000000000061847748050300000003894                0900000000000010100000000000000000000000000000000000000   000000000000000000000000004        170192477882     
0010001300124U 060000000000000000000000000000000000000000000000000000000000000000000000618470000000000618470000000000000000000000000000002509202426092024            000000000000000                              000                           
0010001300125T 0601897X0000000092096 24778822400003918   700000000000391830092024000000000059870033005750000003918                0900000000000010100000000000000000000000000000000000000   000000000000000000000000004        170192477882     
0010001300126U 060000000000000000000000000000000000000000000000000000000000000000000000598700000000000598700000000000000000000000000000002509202426092024            000000000000000                              000                           
0010001300127T 0601897X0000000092096 24778822400003926   700000000000392630092024000000000059613341000550000003926                0900000000000010100000000000000000000000000000000000000   000000000000000000000000004        170192477882     
0010001300128U 060000000000000000000000000000000000000000000000000000000000000000000000596130000000000596130000000000000000000000000000002509202426092024            000000000000000                              000                           
0010001300129T 0601897X0000000092096 24778822400004018   700000000000401830092024000000000057556341015650000004018                0900000000000010100000000000000000000000000000000000000   000000000000000000000000004        170192477882     
0010001300130U 060000000000000000000000000000000000000000000000000000000000000000000000575560000000000575560000000000000000000000000000002509202426092024            000000000000000                              000                           
0010001300131T 0601897X0000000092096 24778822400004037   700000000000403719122024000000000057130752000010000004037                0900000000000010100000000000000000000000000000000000000   000000000000000000000000004        170192477882     
0010001300132U 060000000000000000000000000000000000000000000000000000000000000000000000571300000000000571300000000000000000000000000000002509202426092024            000000000000000                              000                           
0010001300133T 0601897X0000000092096 24778822400004174   700000000000417430092024000000000052845237003160000004174                0900000000000010100000000000000000000000000000000000000   000000000000000000000000004        170192477882     
0010001300134U 060000000000000000000000000000000000000000000000000000000000000000000000528450000000000528450000000000000000000000000000002509202426092024            000000000000000                              000                           
0010001300135T 0601897X0000000092096 24778822400004230   700000000000423030092024000000000051068341001830000004230                0900000000000010100000000000000000000000000000000000000   000000000000000000000000004        170192477882     
0010001300136U 060000000000000000000000000000000000000000000000000000000000000000000000510680000000000510680000000000000000000000000000002509202426092024            000000000000000                              000                           
0010001300137T 0601897X0000000092096 24778822400004642   700000000000464230092024000000000036853237003140000004642                0900000000000010100000000000000000000000000000000000000   000000000000000000000000004        170192477882     
0010001300138U 060000000000000000000000000000000000000000000000000000000000000000000000368530000000000368530000000000000000000000000000002509202426092024            000000000000000                              000                           
0010001300139T 0601897X0000000092096 24778822400004710   700000000000471030092024000000000036494341004450000004710                0900000000000010100000000000000000000000000000000000000   000000000000000000000000004        170192477882     
0010001300140U 060000000000000000000000000000000000000000000000000000000000000000000000364940000000000364940000000000000000000000000000002509202426092024            000000000000000                              000                           
0010001300141T 0601897X0000000092096 24778822400004718   700000000000471830092024000000000036471341000540000004718                0900000000000010100000000000000000000000000000000000000   000000000000000000000000004        170192477882     
0010001300142U 060000000000000000000000000000000000000000000000000000000000000000000000364710000000000364710000000000000000000000000000002509202426092024            000000000000000                              000                           
0010001300143T 0601897X0000000092096 24778822400005146   700000000000514630092024000000000029632341044580000005146                0900000000000010100000000000000000000000000000000000000   000000000000000000000000004        170192477882     
0010001300144U 060000000000000000000000000000000000000000000000000000000000000000000000296320000000000296320000000000000000000000000000002509202426092024            000000000000000                              000                           
0010001300145T 0601897X0000000092096 24778822400005162   700000000000516230092024000000000029287237033710000005162                0900000000000010100000000000000000000000000000000000000   000000000000000000000000004        170192477882     
0010001300146U 060000000000000000000000000000000000000000000000000000000000000000000000292870000000000292870000000000000000000000000000002509202426092024            000000000000000                              000                           
0010001300147T 0601897X0000000092096 24778822400005446   700000000000544630092024000000000024387001004561000005446                0900000000000010040000000000000000000000000000000000000   000000000000000000000000034        170192477882     
0010001300148U 060000000000000000000000000000000000000000000000000000000000000000000000243870000000000243870000000000000000000000000000002509202426092024            000000000000000                              000                           
0010001300149T 0601897X0000000092096 24778822400005586   700000000000558630092024000000000022251104028860000005586                0900000000000010100000000000000000000000000000000000000   000000000000000000000000004        170192477882     
0010001300150U 060000000000000000000000000000000000000000000000000000000000000000000000222510000000000222510000000000000000000000000000002509202426092024            000000000000000                              000                           
0010001300151T 0601897X0000000092096 24778822400005587   700000000000558731102024000000000022250104028860000005587                0900000000000010100000000000000000000000000000000000000   000000000000000000000000004        170192477882     
0010001300152U 060000000000000000000000000000000000000000000000000000000000000000000000222500000000000222500000000000000000000000000000002509202426092024            000000000000000                              000                           
0010001300153T 0601897X0000000092096 24778822400005610   700000000000561030092024000000000021956509000010000005610                0900000000000010100000000000000000000000000000000000000   000000000000000000000000004        170192477882     
0010001300154U 060000000000000000000000000000000000000000000000000000000000000000000000219560000000000219560000000000000000000000000000002509202426092024            000000000000000                              000                           
0010001300155T 0601897X0000000092096 24778822400005618   700000000000561830092024000000000021956237002150000005618                0900000000000010100000000000000000000000000000000000000   000000000000000000000000004        170192477882     
0010001300156U 060000000000000000000000000000000000000000000000000000000000000000000000219560000000000219560000000000000000000000000000002509202426092024            000000000000000                              000                           
0010001300157T 0601897X0000000092096 24778822400005834   700000000000583430092024000000000020493104039660000005834                0900000000000010100000000000000000000000000000000000000   000000000000000000000000004        170192477882     
0010001300158U 060000000000000000000000000000000000000000000000000000000000000000000000204930000000000204930000000000000000000000000000002509202426092024            000000000000000                              000                           
0010001300159T 0601897X0000000092096 24778822400005838   700000000000583830092024000000000020345341008970000005838                0900000000000010100000000000000000000000000000000000000   000000000000000000000000004        170192477882     
0010001300160U 060000000000000000000000000000000000000000000000000000000000000000000000203450000000000203450000000000000000000000000000002509202426092024            000000000000000                              000                           
0010001300161T 0901897X0000000092096 24778822400001920   700000000000192030092024000000000021167001004596000001920                0900000000000000000000000000000000000000000000000000000   000000000000000000000037210        170192477882     
0010001300162U 090000000000000000000000000000000000000000000000000000000000000000000000000000000000000000000000000000000000000000000000002509202400000000            000000000000000                              000                           
0010001300163T 0901897X0000000092096 24778822400001921   700000000000192131102024000000000021168001004596000001921                0900000000000000000000000000000000000000000000000000000   000000000000000000000037210        170192477882     
0010001300164U 090000000000000000000000000000000000000000000000000000000000000000000000000000000000000000000000000000000000000000000000002509202400000000            000000000000000                              000                           
0010001300165T 0901897X0000000092096 24778822400001922   700000000000192229112024000000000021168001004596000001922                0900000000000000000000000000000000000000000000000000000   000000000000000000000037210        170192477882     
0010001300166U 090000000000000000000000000000000000000000000000000000000000000000000000000000000000000000000000000000000000000000000000002509202400000000            000000000000000                              000                           
0010001300167T 1401897X0000000092096 24778822400000122   700000000000012210102024000000000114618001009946000000122                0900000000000000000000000000000000000000000000000000000   000000000000000000000000000        170192477882     
0010001300168U 140000000000000000000000000000000000000000000000000000000000000000000000000000000000000000000000000000000000000000000000002509202400000000            000000000000000                              000                           
0010001300169T 1401897X0000000092096 24778822400000141   700000000000014115102024000000000101446001009296000000141                0900000000000000000000000000000000000000000000000000000   000000000000000000000000000        170192477882     
0010001300170U 140000000000000000000000000000000000000000000000000000000000000000000000000000000000000000000000000000000000000000000000002509202400000000            000000000000000                              000                           
0010001300171T 1401897X0000000092096 24778822400004102   700000000000410210102024000000000055368001007994000004102                0900000000000000000000000000000000000000000000000000000   000000000000000000000000000        170192477882     
0010001300172U 140000000000000000000000000000000000000000000000000000000000000000000000000000000000000000000000000000000000000000000000002509202400000000            000000000000000                              000                           
00100015         000174005596000000020362588230000000000000000000000000000000000000000000000000000000000000000000000000000000000000000000000000000                                                                                              
00199999         000001000176000000                                                                                                                                                            00000000000000000000000000000                    
