00100000         2115139610001160024778820014       01897X0000000092096 FUNDACAO AGENCIA DAS BACIAS HIBANCO DO BRASIL                         22810202402074000581303000000829973081PROCESSAMEN                                                 
00100011T0100020 20115139610001160024778820014       01897X0000000092096 FUNDACAO AGENCIA DAS BACIAS HI                                                                                000000002810202400000000  000000000                      
0010001300001T 0201897X0000000092096 24778829000008328   7000008328      31102024000000000224395001001678000008328                0900000000000010500000000000000000000000000000000000000   0000000000000000000000496A9A4      170192477882     
0010001300002U 020000000000000000000000000000000000000000000000000000000000000000000000000000000000000000000000000000000000000000000000002810202400000000            000000000000000                              000                           
0010001300003T 0201897X0000000092096 24778829000008329   7000008329      29112024000000000252451001045888000008329                0900000000000010500000000000000000000000000000000000000   0000000000000000000000496A9A4      170192477882     
0010001300004U 020000000000000000000000000000000000000000000000000000000000000000000000000000000000000000000000000000000000000000000000002810202400000000            000000000000000                              000                           
0010001300005T 0201897X0000000092096 24778829000008330   7000008330      31102024000000000135961001001678000008330                0900000000000010000000000000000000000000000000000000000   0000000000000000000000496A9        170192477882     
0010001300006U 020000000000000000000000000000000000000000000000000000000000000000000000000000000000000000000000000000000000000000000000002810202400000000            000000000000000                              000                           
0010001300007T 0601897X0000000092096 24778822400001106   700000000000110631102024000000000027813237032210000001106                0900000000000010100000000000000000000000000000000000000   000000000000000000000000004        170192477882     
0010001300008U 060000000000000000000000000000000000000000000000000000000000000000000000278130000000000278130000000000000000000000000000002810202429102024            000000000000000                              000                           
0010001300009T 0601897X0000000092096 24778822400001178   700000000000117831102024000000000025897237033890000001178                0900000000000010100000000000000000000000000000000000000   000000000000000000000000004        170192477882     
0010001300010U 060000000000000000000000000000000000000000000000000000000000000000000000258970000000000258970000000000000000000000000000002810202429102024            000000000000000                              000                           
0010001300011T 0601897X0000000092096 24778822400001338   700000000000133831102024000000000022223341081690000001338                0900000000000010100000000000000000000000000000000000000   000000000000000000000000004        170192477882     
0010001300012U 060000000000000000000000000000000000000000000000000000000000000000000000222230000000000222230000000000000000000000000000002810202429102024            000000000000000                              000                           
0010001300013T 0601897X0000000092096 24778822400001374   700000000000137431102024000000000021957001026565000001374                0900000000000010040000000000000000000000000000000000000   000000000000000000000000034        170192477882     
0010001300014U 060000000000000000000000000000000000000000000000000000000000000000000000219570000000000219570000000000000000000000000000002810202429102024            000000000000000                              000                           
0010001300015T 0601897X0000000092096 24778822400001388   700000000000138831102024000000000021957341087690000001388                0900000000000010100000000000000000000000000000000000000   000000000000000000000000004        170192477882     
0010001300016U 060000000000000000000000000000000000000000000000000000000000000000000000219570000000000219570000000000000000000000000000002810202429102024            000000000000000                              000                           
0010001300017T 0601897X0000000092096 24778822400001415   700000000000141530092024000000000021731509000010000001415                0900000000000010100000000000000000000000000000000000000   000000000000000000000000004        170192477882     
0010001300018U 060000000000006360000000000000000000000000000000000000000000000000000000223670000000000223670000000000000000000000000000002810202429102024            000000000000000                              000                           
0010001300019T 0601897X0000000092096 24778822400001510   700000000000151031102024000000000026436341064580000001510                0900000000000010100000000000000000000000000000000000000   000000000000000000000000004        170192477882     
0010001300020U 060000000000000000000000000000000000000000000000000000000000000000000000264360000000000264360000000000000000000000000000002810202429102024            000000000000000                              000                           
0010001300021T 0601897X0000000092096 24778822400001684   700000000000168431102024000000000023999001026565000001684                0900000000000010040000000000000000000000000000000000000   000000000000000000000000034        170192477882     
0010001300022U 060000000000000000000000000000000000000000000000000000000000000000000000239990000000000239990000000000000000000000000000002810202429102024            000000000000000                              000                           
0010001300023T 0601897X0000000092096 24778822400001705   700000000000170531102024000000000023854033036800000001705                0900000000000010100000000000000000000000000000000000000   000000000000000000000000004        170192477882     
0010001300024U 060000000000000000000000000000000000000000000000000000000000000000000000238540000000000238540000000000000000000000000000002810202429102024            000000000000000                              000                           
0010001300025T 0601897X0000000092096 24778822400001919   700000000000191929112024000000000021171341064580000001919                0900000000000010100000000000000000000000000000000000000   000000000000000000000000004        170192477882     
0010001300026U 060000000000000000000000000000000000000000000000000000000000000000000000211710000000000211710000000000000000000000000000002810202429102024            000000000000000                              000                           
0010001300027T 0601897X0000000092096 24778822400002027   700000000000202731102024000000009331106104030800000002027                0900000000000010100000000000000000000000000000000000000   000000000000000000000000004        170192477882     
0010001300028U 060000000000000000000000000000000000000000000000000000000000000000000093311060000000093311060000000000000000000000000000002810202429102024            000000000000000                              000                           
0010001300029T 0601897X0000000092096 24778822400002107   700000000000210731102024000000003060704001030708000002107                0900000000000010090000000000000000000000000000000000000   000000000000000000000000006        170192477882     
0010001300030U 060000000000000000000000000000000000000000000000000000000000000000000030607040000000030607040000000000000000000000000000002810202429102024            000000000000000                              000                           
0010001300031T 0601897X0000000092096 24778822400002267   700000000000226731102024000000000582312341005600000002267                0900000000000010100000000000000000000000000000000000000   000000000000000000000000004        170192477882     
0010001300032U 060000000000000000000000000000000000000000000000000000000000000000000005823120000000005823120000000000000000000000000000002810202429102024            000000000000000                              000                           
0010001300033T 0601897X0000000092096 24778822400002355   700000000000235531102024000000000420257001030708000002355                0900000000000010090000000000000000000000000000000000000   000000000000000000000000006        170192477882     
0010001300034U 060000000000000000000000000000000000000000000000000000000000000000000004202570000000004202570000000000000000000000000000002810202429102024            000000000000000                              000                           
0010001300035T 0601897X0000000092096 24778822400002555   700000000000255531102024000000000250897341001690000002555                0900000000000010100000000000000000000000000000000000000   000000000000000000000000004        170192477882     
0010001300036U 060000000000000000000000000000000000000000000000000000000000000000000002508970000000002508970000000000000000000000000000002810202429102024            000000000000000                              000                           
0010001300037T 0601897X0000000092096 24778822400002567   700000000000256731102024000000000243859509000010000002567                0900000000000010100000000000000000000000000000000000000   000000000000000000000000004        170192477882     
0010001300038U 060000000000000000000000000000000000000000000000000000000000000000000002438590000000002438590000000000000000000000000000002810202429102024            000000000000000                              000                           
0010001300039T 0601897X0000000092096 24778822400002623   700000000000262331102024000000000219575748052180000002623                0900000000000010100000000000000000000000000000000000000   000000000000000000000000004        170192477882     
0010001300040U 060000000000000000000000000000000000000000000000000000000000000000000002195750000000002195750000000000000000000000000000002810202429102024            000000000000000                              000                           
0010001300041T 0601897X0000000092096 24778822400002719   700000000000271931102024000000000193226237014040000002719                0900000000000010100000000000000000000000000000000000000   000000000000000000000000004        170192477882     
0010001300042U 060000000000000000000000000000000000000000000000000000000000000000000001932260000000001932260000000000000000000000000000002810202429102024            000000000000000                              000                           
0010001300043T 0601897X0000000092096 24778822400002899   70000000000028993110202400000000014782400101897X000002899                0900000000000010090000000000000000000000000000000000000   000000000000000000000000006        170192477882     
0010001300044U 060000000000000000000000000000000000000000000000000000000000000000000001478240000000001478240000000000000000000000000000002810202429102024            000000000000000                              000                           
0010001300045T 0601897X0000000092096 24778822400003131   700000000000313131102024000000000115801341000330000003131                0900000000000010100000000000000000000000000000000000000   000000000000000000000000004        170192477882     
0010001300046U 060000000000000000000000000000000000000000000000000000000000000000000001158010000000001158010000000000000000000000000000002810202429102024            000000000000000                              000                           
0010001300047T 0601897X0000000092096 24778822400003407   700000000000340731102024000000000087830748054150000003407                0900000000000010100000000000000000000000000000000000000   000000000000000000000000004        170192477882     
0010001300048U 060000000000000000000000000000000000000000000000000000000000000000000000878300000000000878300000000000000000000000000000002810202429102024            000000000000000                              000                           
0010001300049T 0601897X0000000092096 24778822400003635   700000000000363531102024000000000072971341032180000003635                0900000000000010100000000000000000000000000000000000000   000000000000000000000000004        170192477882     
0010001300050U 060000000000000000000000000000000000000000000000000000000000000000000000729710000000000729710000000000000000000000000000002810202429102024            000000000000000                              000                           
0010001300051T 0601897X0000000092096 24778822400003651   700000000000365131102024000000000072457237003220000003651                0900000000000010100000000000000000000000000000000000000   000000000000000000000000004        170192477882     
0010001300052U 060000000000000000000000000000000000000000000000000000000000000000000000724570000000000724570000000000000000000000000000002810202429102024            000000000000000                              000                           
0010001300053T 0601897X0000000092096 24778822400003803   700000000000380331102024000000000065863033009120000003803                0900000000000010100000000000000000000000000000000000000   000000000000000000000000004        170192477882     
0010001300054U 060000000000000000000000000000000000000000000000000000000000000000000000658630000000000658630000000000000000000000000000002810202429102024            000000000000000                              000                           
0010001300055T 0601897X0000000092096 24778822400003831   700000000000383131102024000000000064086104003320000003831                0900000000000010100000000000000000000000000000000000000   000000000000000000000000004        170192477882     
0010001300056U 060000000000000000000000000000000000000000000000000000000000000000000000640860000000000640860000000000000000000000000000002810202429102024            000000000000000                              000                           
0010001300057T 0601897X0000000092096 24778822400003891   700000000000389131102024000000000062213756013660000003891                0900000000000010100000000000000000000000000000000000000   000000000000000000000000004        170192477882     
0010001300058U 060000000000000000000000000000000000000000000000000000000000000000000000622130000000000622130000000000000000000000000000002810202429102024            000000000000000                              000                           
0010001300059T 0601897X0000000092096 24778822400003895   700000000000389531102024000000000061847748050300000003895                0900000000000010100000000000000000000000000000000000000   000000000000000000000000004        170192477882     
0010001300060U 060000000000000000000000000000000000000000000000000000000000000000000000618470000000000618470000000000000000000000000000002810202429102024            000000000000000                              000                           
0010001300061T 0601897X0000000092096 24778822400003983   700000000000398331102024000000000058553341083970000003983                0900000000000010100000000000000000000000000000000000000   000000000000000000000000004        170192477882     
0010001300062U 060000000000000000000000000000000000000000000000000000000000000000000000585530000000000585530000000000000000000000000000002810202429102024            000000000000000                              000                           
0010001300063T 0601897X0000000092096 24778822400004003   700000000000400331102024000000000058012104029680000004003                0900000000000010100000000000000000000000000000000000000   000000000000000000000000004        170192477882     
0010001300064U 060000000000000000000000000000000000000000000000000000000000000000000000580120000000000580120000000000000000000000000000002810202429102024            000000000000000                              000                           
0010001300065T 0601897X0000000092096 24778822400004011   700000000000401131102024000000000057718237029350000004011                0900000000000010100000000000000000000000000000000000000   000000000000000000000000004        170192477882     
0010001300066U 060000000000000000000000000000000000000000000000000000000000000000000000577180000000000577180000000000000000000000000000002810202429102024            000000000000000                              000                           
0010001300067T 0601897X0000000092096 24778822400004195   700000000000419531102024000000000052259509000010000004195                0900000000000010100000000000000000000000000000000000000   000000000000000000000000004        170192477882     
0010001300068U 060000000000000000000000000000000000000000000000000000000000000000000000522590000000000522590000000000000000000000000000002810202429102024            000000000000000                              000                           
0010001300069T 0601897X0000000092096 24778822400004219   700000000000421931102024000000000051381748077510000004219                0900000000000010100000000000000000000000000000000000000   000000000000000000000000004        170192477882     
0010001300070U 060000000000000000000000000000000000000000000000000000000000000000000000513810000000000513810000000000000000000000000000002810202429102024            000000000000000                              000                           
0010001300071T 0601897X0000000092096 24778822400004227   700000000000422731102024000000000051234756038430000004227                0900000000000010100000000000000000000000000000000000000   000000000000000000000000004        170192477882     
0010001300072U 060000000000000000000000000000000000000000000000000000000000000000000000512340000000000512340000000000000000000000000000002810202429102024            000000000000000                              000                           
0010001300073T 0601897X0000000092096 24778822400004247   700000000000424731102024000000000050688104002780000004247                0900000000000010100000000000000000000000000000000000000   000000000000000000000000004        170192477882     
0010001300074U 060000000000000000000000000000000000000000000000000000000000000000000000506880000000000506880000000000000000000000000000002810202429102024            000000000000000                              000                           
0010001300075T 0601897X0000000092096 24778822400004363   700000000000436331102024000000000044596033043780000004363                0900000000000010100000000000000000000000000000000000000   000000000000000000000000004        170192477882     
0010001300076U 060000000000000000000000000000000000000000000000000000000000000000000000445960000000000445960000000000000000000000000000002810202429102024            000000000000000                              000                           
0010001300077T 0601897X0000000092096 24778822400004418   700000000000441830092024000000000043880341015630000004418                0900000000000010100000000000000000000000000000000000000   000000000000000000000000004        170192477882     
0010001300078U 060000000000012860000000000000000000000000000000000000000000000000000000451660000000000451660000000000000000000000000000002810202429102024            000000000000000                              000                           
0010001300079T 0601897X0000000092096 24778822400004451   700000000000445131102024000000000043086237003220000004451                0900000000000010100000000000000000000000000000000000000   000000000000000000000000004        170192477882     
0010001300080U 060000000000000000000000000000000000000000000000000000000000000000000000430860000000000430860000000000000000000000000000002810202429102024            000000000000000                              000                           
0010001300081T 0601897X0000000092096 24778822400004551   700000000000455131102024000000000039523033002870000004551                0900000000000010100000000000000000000000000000000000000   000000000000000000000000004        170192477882     
0010001300082U 060000000000000000000000000000000000000000000000000000000000000000000000395230000000000395230000000000000000000000000000002810202429102024            000000000000000                              000                           
0010001300083T 0601897X0000000092096 24778822400004587   700000000000458731102024000000000038792341001620000004587                0900000000000010100000000000000000000000000000000000000   000000000000000000000000004        170192477882     
0010001300084U 060000000000000000000000000000000000000000000000000000000000000000000000387920000000000387920000000000000000000000000000002810202429102024            000000000000000                              000                           
0010001300085T 0601897X0000000092096 24778822400004595   700000000000459531102024000000000038646341026460000004595                0900000000000010100000000000000000000000000000000000000   000000000000000000000000004        170192477882     
0010001300086U 060000000000000000000000000000000000000000000000000000000000000000000000386460000000000386460000000000000000000000000000002810202429102024            000000000000000                              000                           
0010001300087T 0601897X0000000092096 24778822400004643   700000000000464331102024000000000036852237003140000004643                0900000000000010100000000000000000000000000000000000000   000000000000000000000000004        170192477882     
0010001300088U 060000000000000000000000000000000000000000000000000000000000000000000000368520000000000368520000000000000000000000000000002810202429102024            000000000000000                              000                           
0010001300089T 0601897X0000000092096 24778822400004771   700000000000477131102024000000000035490341064580000004771                0900000000000010100000000000000000000000000000000000000   000000000000000000000000004        170192477882     
0010001300090U 060000000000000000000000000000000000000000000000000000000000000000000000354900000000000354900000000000000000000000000000002810202429102024            000000000000000                              000                           
0010001300091T 0601897X0000000092096 24778822400005111   700000000000511131102024000000000030155341005620000005111                0900000000000010100000000000000000000000000000000000000   000000000000000000000000004        170192477882     
0010001300092U 060000000000000000000000000000000000000000000000000000000000000000000000301550000000000301550000000000000000000000000000002810202429102024            000000000000000                              000                           
0010001300093T 0601897X0000000092096 24778822400005119   700000000000511931102024000000000030031033048780000005119                0900000000000010100000000000000000000000000000000000000   000000000000000000000000004        170192477882     
0010001300094U 060000000000000000000000000000000000000000000000000000000000000000000000300310000000000300310000000000000000000000000000002810202429102024            000000000000000                              000                           
0010001300095T 0601897X0000000092096 24778822400005323   700000000000532331102024000000000026349509000010000005323                0900000000000010100000000000000000000000000000000000000   000000000000000000000000004        170192477882     
0010001300096U 060000000000000000000000000000000000000000000000000000000000000000000000263490000000000263490000000000000000000000000000002810202429102024            000000000000000                              000                           
0010001300097T 0601897X0000000092096 24778822400005359   700000000000535931102024000000000025617033037160000005359                0900000000000010100000000000000000000000000000000000000   000000000000000000000000004        170192477882     
0010001300098U 060000000000000000000000000000000000000000000000000000000000000000000000256170000000000256170000000000000000000000000000002810202429102024            000000000000000                              000                           
0010001300099T 0601897X0000000092096 24778822400005619   700000000000561931102024000000000021958237002150000005619                0900000000000010100000000000000000000000000000000000000   000000000000000000000000004        170192477882     
0010001300100U 060000000000000000000000000000000000000000000000000000000000000000000000219580000000000219580000000000000000000000000000002810202429102024            000000000000000                              000                           
0010001300101T 0601897X0000000092096 24778822400005635   700000000000563531102024000000000021958341004190000005635                0900000000000010100000000000000000000000000000000000000   000000000000000000000000004        170192477882     
0010001300102U 060000000000000000000000000000000000000000000000000000000000000000000000219580000000000219580000000000000000000000000000002810202429102024            000000000000000                              000                           
0010001300103T 0601897X0000000092096 24778822400005671   700000000000567131102024000000000021958756013660000005671                0900000000000010100000000000000000000000000000000000000   000000000000000000000000004        170192477882     
0010001300104U 060000000000000000000000000000000000000000000000000000000000000000000000219580000000000219580000000000000000000000000000002810202429102024            000000000000000                              000                           
0010001300105T 0601897X0000000092096 24778822400005755   700000000000575531102024000000000021176748053430000005755                0900000000000010100000000000000000000000000000000000000   000000000000000000000000004        170192477882     
0010001300106U 060000000000000000000000000000000000000000000000000000000000000000000000211760000000000211760000000000000000000000000000002810202429102024            000000000000000                              000                           
0010001300107T 0601897X0000000092096 24778822400005783   700000000000578331102024000000000021021237033890000005783                0900000000000010100000000000000000000000000000000000000   000000000000000000000000004        170192477882     
0010001300108U 060000000000000000000000000000000000000000000000000000000000000000000000210210000000000210210000000000000000000000000000002810202429102024            000000000000000                              000                           
0010001300109T 0601897X0000000092096 24778829000008063   7000008063      31102024000000000062022341001620000008063                0900000000000010100000000000000000000000000000000000000   000000000000000000000000004        170192477882     
0010001300110U 060000000000000000000000000000000000000000000000000000000000000000000000620220000000000620220000000000000000000000000000002810202429102024            000000000000000                              000                           
0010001300111T 0601897X0000000092096 24778829000008247   7000008247      31102024000000000227467341074680000008247                0900000000000010100000000000000000000000000000000000000   000000000000000000000000004        170192477882     
0010001300112U 060000000000000000000000000000000000000000000000000000000000000000000002274670000000002274670000000000000000000000000000002810202429102024            000000000000000                              000                           
0010001300113T 0601897X0000000092096 24778829000008314   7000008314      31102024000000000059462237029350000008314                0900000000000010100000000000000000000000000000000000000   000000000000000000000000004        170192477882     
0010001300114U 060000000000000000000000000000000000000000000000000000000000000000000000594620000000000594620000000000000000000000000000002810202429102024            000000000000000                              000                           
0010001300115T 0601897X0000000092096 24778829000008324   7000008324      31102024000000000226206748052180000008324                0900000000000010100000000000000000000000000000000000000   000000000000000000000000004        170192477882     
0010001300116U 060000000000000000000000000000000000000000000000000000000000000000000002262060000000002262060000000000000000000000000000002810202429102024            000000000000000                              000                           
0010001300117T 0901897X0000000092096 24778822400004850   700000000000485030092024000000000033991001001678000004850                0900000000000000000000000000000000000000000000000000000   000000000000000000000037210        170192477882     
0010001300118U 090000000000000000000000000000000000000000000000000000000000000000000000000000000000000000000000000000000000000000000000002810202400000000            000000000000000                              000                           
0010001300119T 0901897X0000000092096 24778822400004851   700000000000485131102024000000000033990001001678000004851                0900000000000000000000000000000000000000000000000000000   000000000000000000000037210        170192477882     
0010001300120U 090000000000000000000000000000000000000000000000000000000000000000000000000000000000000000000000000000000000000000000000002810202400000000            000000000000000                              000                           
0010001300121T 0901897X0000000092096 24778822400004852   700000000000485229112024000000000033990001001678000004852                0900000000000000000000000000000000000000000000000000000   000000000000000000000037210        170192477882     
0010001300122U 090000000000000000000000000000000000000000000000000000000000000000000000000000000000000000000000000000000000000000000000002810202400000000            000000000000000                              000                           
0010001300123T 0901897X0000000092096 24778822400004853   700000000000485319122024000000000033990001001678000004853                0900000000000000000000000000000000000000000000000000000   000000000000000000000037210        170192477882     
0010001300124U 090000000000000000000000000000000000000000000000000000000000000000000000000000000000000000000000000000000000000000000000002810202400000000            000000000000000                              000                           
0010001300125T 0901897X0000000092096 24778829000008311   7000008311      31102024000000000054054001003409000008311                0900000000000000000000000000000000000000000000000000000   000000000000000000000037210        170192477882     
0010001300126U 090000000000000000000000000000000000000000000000000000000000000000000000000000000000000000000000000000000000000000000000002810202400000000            000000000000000                              000                           
0010001300127T 5201897X0000000092096 24778829000008322   7000008322      31102024000000000239031001009903000008322                0900000000000000000000000000000000000000000000000000000   000000000000000000000000000        170192477882     
0010001300128U 520000000000000000000000000000000000000000000000000000000000000000000000000000000000000000000000000000000000000000000000002810202400000000            000000000000000                              000                           
00100015         000130003988000000014796378210000000000000000000000000000000000000000000000000000000000000000000000000000000000000000000000000000                                                                                              
00199999         000001000132000000                                                                                                                                                            00000000000000000000000000000                    
