00100000         2115139610001160024778820014       01897X0000000092096 FUNDACAO AGENCIA DAS BACIAS HIBANCO DO BRASIL                         21810202401450900580103000000829973081PROCESSAMEN                                                 
00100011T0100020 20115139610001160024778820014       01897X0000000092096 FUNDACAO AGENCIA DAS BACIAS HI                                                                                000000001810202400000000  000000000                      
0010001300001T 0201897X0000000092096 24778829000008311   7000008311      31102024000000000054054001003409000008311                0900000000000010500000000000000000000000000000000000000   0000000000000000000000496A9A4      170192477882     
0010001300002U 020000000000000000000000000000000000000000000000000000000000000000000000000000000000000000000000000000000000000000000000001810202400000000            000000000000000                              000                           
0010001300003T 0201897X0000000092096 24778829000008312   7000008312      25102024000000000032556001003409000008312                0900000000000010500000000000000000000000000000000000000   0000000000000000000000496A9A4      170192477882     
0010001300004U 020000000000000000000000000000000000000000000000000000000000000000000000000000000000000000000000000000000000000000000000001810202400000000            000000000000000                              000                           
0010001300005T 0201897X0000000092096 24778829000008313   7000008313      29112024000000000032556001003409000008313                0900000000000010500000000000000000000000000000000000000   0000000000000000000000496A9A4      170192477882     
0010001300006U 020000000000000000000000000000000000000000000000000000000000000000000000000000000000000000000000000000000000000000000000001810202400000000            000000000000000                              000                           
0010001300007T 0201897X0000000092096 24778829000008314   7000008314      3110202400000000005946200101172X000008314                0900000000000010000000000000000000000000000000000000000   0000000000000000000000496A9        170192477882     
0010001300008U 020000000000000000000000000000000000000000000000000000000000000000000000000000000000000000000000000000000000000000000000001810202400000000            000000000000000                              000                           
0010001300009T 0601897X0000000092096 24778822400000023   700000000000002330092024000000000563077756070610000000023                0900000000000010100000000000000000000000000000000000000   000000000000000000000000004        170192477882     
0010001300010U 060000000000146360000000000000000000000000000000000000000000000000000005777130000000005777130000000000000000000000000000001810202421102024            000000000000000                              000                           
0010001300011T 0601897X0000000092096 24778822400000364   700000000000036418102024000000000035132341007160000000364                0900000000000010100000000000000000000000000000000000000   000000000000000000000000004        170192477882     
0010001300012U 060000000000000000000000000000000000000000000000000000000000000000000000351320000000000351320000000000000000000000000000001810202421102024            000000000000000                              000                           
0010001300013T 0601897X0000000092096 24778822400000492   700000000000049230092024000000000029277001087416000000492                0900000000000010080000000000000000000000000000000000000   000000000000000000000000003        170192477882     
0010001300014U 060000000000007600000000000000000000000000000000000000000000000000000000300370000000000300370000000000000000000000000000001810202421102024            000000000000000                              000                           
0010001300015T 0601897X0000000092096 24778822400001065   700000000000106504102024000000000029276001004154000001065                0900000000000010060000000000000000000000000000000000000   000000000000000000000000033        170192477882     
0010001300016U 060000000000007210000000000000000000000000000000000000000000000000000000299970000000000299970000000000000000000000000000001810202421102024            000000000000000                              000                           
0010001300017T 0601897X0000000092096 24778822400001098   700000000000109831102024000000000028480341026900000001098                0900000000000010100000000000000000000000000000000000000   000000000000000000000000004        170192477882     
0010001300018U 060000000000000000000000000000000000000000000000000000000000000000000000284800000000000284800000000000000000000000000000001810202421102024            000000000000000                              000                           
0010001300019T 0601897X0000000092096 24778822400001243   700000000000124318102024000000000024637237010990000001243                0900000000000010100000000000000000000000000000000000000   000000000000000000000000004        170192477882     
0010001300020U 060000000000000000000000000000000000000000000000000000000000000000000000246370000000000246370000000000000000000000000000001810202421102024            000000000000000                              000                           
0010001300021T 0601897X0000000092096 24778822400002926   700000000000292616102024000000000144401756013490000002926                0900000000000010100000000000000000000000000000000000000   000000000000000000000000004        170192477882     
0010001300022U 060000000000029840000000000000000000000000000000000000000000000000000001473850000000001473850000000000000000000000000000001810202421102024            000000000000000                              000                           
0010001300023T 0601897X0000000092096 24778822400003211   700000000000321131102024000000000109788033032440000003211                0900000000000010100000000000000000000000000000000000000   000000000000000000000000004        170192477882     
0010001300024U 060000000000000000000000000000000000000000000000000000000000000000000001097880000000001097880000000000000000000000000000001810202421102024            000000000000000                              000                           
0010001300025T 0601897X0000000092096 24778822400003835   700000000000383531102024000000000063918033032440000003835                0900000000000010100000000000000000000000000000000000000   000000000000000000000000004        170192477882     
0010001300026U 060000000000000000000000000000000000000000000000000000000000000000000000639180000000000639180000000000000000000000000000001810202421102024            000000000000000                              000                           
0010001300027T 0601897X0000000092096 24778822400004399   700000000000439931102024000000000043915033000900000004399                0900000000000010100000000000000000000000000000000000000   000000000000000000000000004        170192477882     
0010001300028U 060000000000000000000000000000000000000000000000000000000000000000000000439150000000000439150000000000000000000000000000001810202421102024            000000000000000                              000                           
0010001300029T 0601897X0000000092096 24778822400005463   700000000000546331102024000000000023863237005200000005463                0900000000000010100000000000000000000000000000000000000   000000000000000000000000004        170192477882     
0010001300030U 060000000000000000000000000000000000000000000000000000000000000000000000238630000000000238630000000000000000000000000000001810202421102024            000000000000000                              000                           
0010001300031T 0601897X0000000092096 24778829000008279   7000008279      31102024000000000197863341004670000008279                0900000000000010100000000000000000000000000000000000000   000000000000000000000000004        170192477882     
0010001300032U 060000000000000000000000000000000000000000000000000000000000000000000001978630000000001978630000000000000000000000000000001810202421102024            000000000000000                              000                           
00100015         000034004133000000015111228170000000000000000000000000000000000000000000000000000000000000000000000000000000000000000000000000000                                                                                              
00199999         000001000036000000                                                                                                                                                            00000000000000000000000000000                    
