00100000         2115139610001160024778820014       01897X0000000092096 FUNDACAO AGENCIA DAS BACIAS HIBANCO DO BRASIL                         22012202402041000588703000000829973081PROCESSAMEN                                                 
00100011T0100020 20115139610001160024778820014       01897X0000000092096 FUNDACAO AGENCIA DAS BACIAS HI                                                                                000000002012202400000000  000000000                      
0010001300001T 0601897X0000000092096 24778822400001664   700000000000166429112024000000000024397341002770000001664                0900000000000010100000000000000000000000000000000000000   000000000000000000000000004        170192477882     
0010001300002U 060000000000006570000000000000000000000000000000000000000000000000000000250540000000000250540000000000000000000000000000002012202423122024            000000000000000                              000                           
0010001300003T 0601897X0000000092096 24778822400002661   700000000000266119122024000000000208225341009120000002661                0900000000000010100000000000000000000000000000000000000   000000000000000000000000004        170192477882     
0010001300004U 060000000000042330000000000000000000000000000000000000000000000000000002124580000000002124580000000000000000000000000000002012202423122024            000000000000000                              000                           
0010001300005T 0601897X0000000092096 24778822400002917   700000000000291719122024000000000146383748050300000002917                0900000000000010100000000000000000000000000000000000000   000000000000000000000000004        170192477882     
0010001300006U 060000000000029750000000000000000000000000000000000000000000000000000001493580000000001493580000000000000000000000000000002012202423122024            000000000000000                              000                           
0010001300007T 0601897X0000000092096 24778822400004220   700000000000422029112024000000000051381748077510000004220                0900000000000010100000000000000000000000000000000000000   000000000000000000000000004        170192477882     
0010001300008U 060000000000013860000000000000000000000000000000000000000000000000000000527670000000000527670000000000000000000000000000002012202423122024            000000000000000                              000                           
0010001300009T 0601897X0000000092096 24778822400004221   700000000000422119122024000000000051381748077510000004221                0900000000000010100000000000000000000000000000000000000   000000000000000000000000004        170192477882     
0010001300010U 060000000000010440000000000000000000000000000000000000000000000000000000524250000000000524250000000000000000000000000000002012202423122024            000000000000000                              000                           
0010001300011T 0601897X0000000092096 24778822400004433   700000000000443319122024000000000043516341004290000004433                0900000000000010100000000000000000000000000000000000000   000000000000000000000000004        170192477882     
0010001300012U 060000000000008840000000000000000000000000000000000000000000000000000000444000000000000444000000000000000000000000000000002012202423122024            000000000000000                              000                           
0010001300013T 0601897X0000000092096 24778822400004461   700000000000446119122024000000000042817237019700000004461                0900000000000010100000000000000000000000000000000000000   000000000000000000000000004        170192477882     
0010001300014U 060000000000008700000000000000000000000000000000000000000000000000000000436870000000000436870000000000000000000000000000002012202423122024            000000000000000                              000                           
0010001300015T 0601897X0000000092096 24778822400004685   700000000000468519122024000000000036596237003140000004685                0900000000000010100000000000000000000000000000000000000   000000000000000000000000004        170192477882     
0010001300016U 060000000000007430000000000000000000000000000000000000000000000000000000373390000000000373390000000000000000000000000000002012202423122024            000000000000000                              000                           
0010001300017T 0601897X0000000092096 24778822400005361   700000000000536119122024000000000025617033037160000005361                0900000000000010100000000000000000000000000000000000000   000000000000000000000000004        170192477882     
0010001300018U 060000000000005200000000000000000000000000000000000000000000000000000000261370000000000261370000000000000000000000000000002012202423122024            000000000000000                              000                           
0010001300019T 0601897X0000000092096 24778822400005861   700000000000586119122024000000000020104237003170000005861                0900000000000010100000000000000000000000000000000000000   000000000000000000000000004        170192477882     
0010001300020U 060000000000004080000000000000000000000000000000000000000000000000000000205120000000000205120000000000000000000000000000002012202423122024            000000000000000                              000                           
0010001300021T 0601897X0000000092096 24778829000008411   7000008411      31122024000000000257156341053960000008411                0900000000000010100000000000000000000000000000000000000   000000000000000000000000004        170192477882     
0010001300022U 060000000000000000000000000000000000000000000000000000000000000000000002571560000000002571560000000000000000000000000000002012202423122024            000000000000000                              000                           
0010001300023T 0601897X0000000092096 24778829000008436   7000008436      31122024000000000269175001007994000008436                0900000000000010040000000000000000000000000000000000000   000000000000000000000000034        170192477882     
0010001300024U 060000000000000000000000000000000000000000000000000000000000000000000002691750000000002691750000000000000000000000000000002012202423122024            000000000000000                              000                           
0010001300025T 0601897X0000000092096 24778829000008467   7000008467      20122024000000000293069001069833000008467                0900000000000010040000000000000000000000000000000000000   000000000000000000000000034        170192477882     
0010001300026U 060000000000000000000000000000000000000000000000000000000000000000000002930690000000002930690000000000000000000000000000002012202423122024            000000000000000                              000                           
00100015         000028000540000000001281107530000000000000000000000000000000000000000000000000000000000000000000000000000000000000000000000000000                                                                                              
00199999         000001000030000000                                                                                                                                                            00000000000000000000000000000                    
