00100000         2115139610001160024778820014       01897X0000000092096 FUNDACAO AGENCIA DAS BACIAS HIBANCO DO BRASIL                         20410202401451100578103000000829973081PROCESSAMEN                                                 
00100011T0100020 20115139610001160024778820014       01897X0000000092096 FUNDACAO AGENCIA DAS BACIAS HI                                                                                000000000410202400000000  000000000                      
0010001300001T 0201897X0000000092096 24778829000008258   7000008258      3110202400000000007412900100216X000008258                0900000000000010500000000000000000000000000000000000000   0000000000000000000000496A9A4      170192477882     
0010001300002U 020000000000000000000000000000000000000000000000000000000000000000000000000000000000000000000000000000000000000000000000000410202400000000            000000000000000                              000                           
0010001300003T 0201897X0000000092096 24778829000008259   7000008259      31102024000000000329659001000566000008259                0900000000000010000000000000000000000000000000000000000   0000000000000000000000496A9        170192477882     
0010001300004U 020000000000000000000000000000000000000000000000000000000000000000000000000000000000000000000000000000000000000000000000000410202400000000            000000000000000                              000                           
0010001300005T 0201897X0000000092096 24778829000008260   7000008260      11102024000000000029277001003018000008260                0900000000000010500000000000000000000000000000000000000   0000000000000000000000496A9A4      170192477882     
0010001300006U 020000000000000000000000000000000000000000000000000000000000000000000000000000000000000000000000000000000000000000000000000410202400000000            000000000000000                              000                           
0010001300007T 0601897X0000000092096 24778822400000055   700000000000005504102024000000000278129341000300000000055                0900000000000010100000000000000000000000000000000000000   000000000000000000000000004        170192477882     
0010001300008U 060000000000000000000000000000000000000000000000000000000000000000000002781290000000002781290000000000000000000000000000000410202407102024            000000000000000                              000                           
0010001300009T 0601897X0000000092096 24778822400000119   700000000000011904102024000000000118044001032212000000119                0900000000000010040000000000000000000000000000000000000   000000000000000000000000034        170192477882     
0010001300010U 060000000000000000000000000000000000000000000000000000000000000000000001180440000000001180440000000000000000000000000000000410202407102024            000000000000000                              000                           
0010001300011T 0601897X0000000092096 24778822400000195   700000000000019504102024000000000065062033000100000000195                0900000000000010100000000000000000000000000000000000000   000000000000000000000000004        170192477882     
0010001300012U 060000000000000000000000000000000000000000000000000000000000000000000000650620000000000650620000000000000000000000000000000410202407102024            000000000000000                              000                           
0010001300013T 0601897X0000000092096 24778822400000199   700000000000019904102024000000000061587033000100000000199                0900000000000010100000000000000000000000000000000000000   000000000000000000000000004        170192477882     
0010001300014U 060000000000000000000000000000000000000000000000000000000000000000000000615870000000000615870000000000000000000000000000000410202407102024            000000000000000                              000                           
0010001300015T 0601897X0000000092096 24778822400000202   700000000000020204102024000000000060631237020020000000202                0900000000000010100000000000000000000000000000000000000   000000000000000000000000004        170192477882     
0010001300016U 060000000000000000000000000000000000000000000000000000000000000000000000606310000000000606310000000000000000000000000000000410202407102024            000000000000000                              000                           
0010001300017T 0601897X0000000092096 24778822400000213   700000000000021304102024000000000056767341007960000000213                0900000000000010100000000000000000000000000000000000000   000000000000000000000000004        170192477882     
0010001300018U 060000000000000000000000000000000000000000000000000000000000000000000000567670000000000567670000000000000000000000000000000410202407102024            000000000000000                              000                           
0010001300019T 0601897X0000000092096 24778822400000228   700000000000022804102024000000000052705033000100000000228                0900000000000010100000000000000000000000000000000000000   000000000000000000000000004        170192477882     
0010001300020U 060000000000000000000000000000000000000000000000000000000000000000000000527050000000000527050000000000000000000000000000000410202407102024            000000000000000                              000                           
0010001300021T 0601897X0000000092096 24778822400000243   700000000000024304102024000000000046843033000100000000243                0900000000000010100000000000000000000000000000000000000   000000000000000000000000004        170192477882     
0010001300022U 060000000000000000000000000000000000000000000000000000000000000000000000468430000000000468430000000000000000000000000000000410202407102024            000000000000000                              000                           
0010001300023T 0601897X0000000092096 24778822400000250   700000000000025004102024000000000043914033000100000000250                0900000000000010100000000000000000000000000000000000000   000000000000000000000000004        170192477882     
0010001300024U 060000000000000000000000000000000000000000000000000000000000000000000000439140000000000439140000000000000000000000000000000410202407102024            000000000000000                              000                           
0010001300025T 0601897X0000000092096 24778822400000256   700000000000025604102024000000000043914033000100000000256                0900000000000010100000000000000000000000000000000000000   000000000000000000000000004        170192477882     
0010001300026U 060000000000000000000000000000000000000000000000000000000000000000000000439140000000000439140000000000000000000000000000000410202407102024            000000000000000                              000                           
0010001300027T 0601897X0000000092096 24778822400000258   700000000000025804102024000000000043766033000100000000258                0900000000000010100000000000000000000000000000000000000   000000000000000000000000004        170192477882     
0010001300028U 060000000000000000000000000000000000000000000000000000000000000000000000437660000000000437660000000000000000000000000000000410202407102024            000000000000000                              000                           
0010001300029T 0601897X0000000092096 24778822400000282   700000000000028204102024000000000039523033000100000000282                0900000000000010100000000000000000000000000000000000000   000000000000000000000000004        170192477882     
0010001300030U 060000000000000000000000000000000000000000000000000000000000000000000000395230000000000395230000000000000000000000000000000410202407102024            000000000000000                              000                           
0010001300031T 0601897X0000000092096 24778822400000322   700000000000032204102024000000000036596341002790000000322                0900000000000010100000000000000000000000000000000000000   000000000000000000000000004        170192477882     
0010001300032U 060000000000000000000000000000000000000000000000000000000000000000000000365960000000000365960000000000000000000000000000000410202407102024            000000000000000                              000                           
0010001300033T 0601897X0000000092096 24778822400000331   700000000000033104102024000000000036596748053480000000331                0900000000000010100000000000000000000000000000000000000   000000000000000000000000004        170192477882     
0010001300034U 060000000000000000000000000000000000000000000000000000000000000000000000365960000000000365960000000000000000000000000000000410202407102024            000000000000000                              000                           
0010001300035T 0601897X0000000092096 24778822400000346   700000000000034604102024000000000035825033000100000000346                0900000000000010100000000000000000000000000000000000000   000000000000000000000000004        170192477882     
0010001300036U 060000000000000000000000000000000000000000000000000000000000000000000000358250000000000358250000000000000000000000000000000410202407102024            000000000000000                              000                           
0010001300037T 0601897X0000000092096 24778822400000358   700000000000035804102024000000000035132033000100000000358                0900000000000010100000000000000000000000000000000000000   000000000000000000000000004        170192477882     
0010001300038U 060000000000000000000000000000000000000000000000000000000000000000000000351320000000000351320000000000000000000000000000000410202407102024            000000000000000                              000                           
0010001300039T 0601897X0000000092096 24778822400000432   700000000000043204102024000000000031380341004450000000432                0900000000000010100000000000000000000000000000000000000   000000000000000000000000004        170192477882     
0010001300040U 060000000000000000000000000000000000000000000000000000000000000000000000313800000000000313800000000000000000000000000000000410202407102024            000000000000000                              000                           
0010001300041T 0601897X0000000092096 24778822400000460   700000000000046004102024000000000030319341007960000000460                0900000000000010100000000000000000000000000000000000000   000000000000000000000000004        170192477882     
0010001300042U 060000000000000000000000000000000000000000000000000000000000000000000000303190000000000303190000000000000000000000000000000410202407102024            000000000000000                              000                           
0010001300043T 0601897X0000000092096 24778822400000510   700000000000051004102024000000000029277033000100000000510                0900000000000010100000000000000000000000000000000000000   000000000000000000000000004        170192477882     
0010001300044U 060000000000000000000000000000000000000000000000000000000000000000000000292770000000000292770000000000000000000000000000000410202407102024            000000000000000                              000                           
0010001300045T 0601897X0000000092096 24778822400000627   700000000000062704102024000000000025381033000100000000627                0900000000000010100000000000000000000000000000000000000   000000000000000000000000004        170192477882     
0010001300046U 060000000000000000000000000000000000000000000000000000000000000000000000253810000000000253810000000000000000000000000000000410202407102024            000000000000000                              000                           
0010001300047T 0601897X0000000092096 24778822400000629   700000000000062904102024000000000025381033000100000000629                0900000000000010100000000000000000000000000000000000000   000000000000000000000000004        170192477882     
0010001300048U 060000000000000000000000000000000000000000000000000000000000000000000000253810000000000253810000000000000000000000000000000410202407102024            000000000000000                              000                           
0010001300049T 0601897X0000000092096 24778822400000716   700000000000071604102024000000000022627033000100000000716                0900000000000010100000000000000000000000000000000000000   000000000000000000000000004        170192477882     
0010001300050U 060000000000000000000000000000000000000000000000000000000000000000000000226270000000000226270000000000000000000000000000000410202407102024            000000000000000                              000                           
0010001300051T 0601897X0000000092096 24778822400000718   700000000000071804102024000000000022550033000100000000718                0900000000000010100000000000000000000000000000000000000   000000000000000000000000004        170192477882     
0010001300052U 060000000000000000000000000000000000000000000000000000000000000000000000225500000000000225500000000000000000000000000000000410202407102024            000000000000000                              000                           
0010001300053T 0601897X0000000092096 24778822400000724   700000000000072404102024000000000022382033000100000000724                0900000000000010100000000000000000000000000000000000000   000000000000000000000000004        170192477882     
0010001300054U 060000000000000000000000000000000000000000000000000000000000000000000000223820000000000223820000000000000000000000000000000410202407102024            000000000000000                              000                           
0010001300055T 0601897X0000000092096 24778822400000726   700000000000072604102024000000000022382033000100000000726                0900000000000010100000000000000000000000000000000000000   000000000000000000000000004        170192477882     
0010001300056U 060000000000000000000000000000000000000000000000000000000000000000000000223820000000000223820000000000000000000000000000000410202407102024            000000000000000                              000                           
0010001300057T 0601897X0000000092096 24778822400000737   700000000000073704102024000000000022204033030750000000737                0900000000000010100000000000000000000000000000000000000   000000000000000000000000004        170192477882     
0010001300058U 060000000000000000000000000000000000000000000000000000000000000000000000222040000000000222040000000000000000000000000000000410202407102024            000000000000000                              000                           
0010001300059T 0601897X0000000092096 24778822400000751   700000000000075104102024000000000021770033000100000000751                0900000000000010100000000000000000000000000000000000000   000000000000000000000000004        170192477882     
0010001300060U 060000000000000000000000000000000000000000000000000000000000000000000000217700000000000217700000000000000000000000000000000410202407102024            000000000000000                              000                           
0010001300061T 0601897X0000000092096 24778822400000788   700000000000078804102024000000000020418341000190000000788                0900000000000010100000000000000000000000000000000000000   000000000000000000000000004        170192477882     
0010001300062U 060000000000000000000000000000000000000000000000000000000000000000000000204180000000000204180000000000000000000000000000000410202407102024            000000000000000                              000                           
0010001300063T 0601897X0000000092096 24778822400000798   700000000000079804102024000000000019832033000100000000798                0900000000000010100000000000000000000000000000000000000   000000000000000000000000004        170192477882     
0010001300064U 060000000000000000000000000000000000000000000000000000000000000000000000198320000000000198320000000000000000000000000000000410202407102024            000000000000000                              000                           
0010001300065T 0601897X0000000092096 24778822400000822   700000000000082204102024000000000019036033000100000000822                0900000000000010100000000000000000000000000000000000000   000000000000000000000000004        170192477882     
0010001300066U 060000000000000000000000000000000000000000000000000000000000000000000000190360000000000190360000000000000000000000000000000410202407102024            000000000000000                              000                           
0010001300067T 0601897X0000000092096 24778822400000825   700000000000082504102024000000000018936033000100000000825                0900000000000010100000000000000000000000000000000000000   000000000000000000000000004        170192477882     
0010001300068U 060000000000000000000000000000000000000000000000000000000000000000000000189360000000000189360000000000000000000000000000000410202407102024            000000000000000                              000                           
0010001300069T 0601897X0000000092096 24778822400000847   700000000000084704102024000000000017572033000100000000847                0900000000000010100000000000000000000000000000000000000   000000000000000000000000004        170192477882     
0010001300070U 060000000000000000000000000000000000000000000000000000000000000000000000175720000000000175720000000000000000000000000000000410202407102024            000000000000000                              000                           
0010001300071T 0601897X0000000092096 24778822400000956   700000000000095604102024000000000012427033000100000000956                0900000000000010100000000000000000000000000000000000000   000000000000000000000000004        170192477882     
0010001300072U 060000000000000000000000000000000000000000000000000000000000000000000000124270000000000124270000000000000000000000000000000410202407102024            000000000000000                              000                           
0010001300073T 0601897X0000000092096 24778822400001113   700000000000111304102024000000000027584341064230000001113                0900000000000010100000000000000000000000000000000000000   000000000000000000000000004        170192477882     
0010001300074U 060000000000000000000000000000000000000000000000000000000000000000000000275840000000000275840000000000000000000000000000000410202407102024            000000000000000                              000                           
0010001300075T 0601897X0000000092096 24778822400001548   700000000000154804102024000000000025694341000190000001548                0900000000000010100000000000000000000000000000000000000   000000000000000000000000004        170192477882     
0010001300076U 060000000000000000000000000000000000000000000000000000000000000000000000256940000000000256940000000000000000000000000000000410202407102024            000000000000000                              000                           
0010001300077T 0601897X0000000092096 24778822400001680   700000000000168004102024000000000024030237002140000001680                0900000000000010100000000000000000000000000000000000000   000000000000000000000000004        170192477882     
0010001300078U 060000000000000000000000000000000000000000000000000000000000000000000000240300000000000240300000000000000000000000000000000410202407102024            000000000000000                              000                           
0010001300079T 0601897X0000000092096 24778822400001719   700000000000171904102024000000000023523237004520000001719                0900000000000010100000000000000000000000000000000000000   000000000000000000000000004        170192477882     
0010001300080U 060000000000000000000000000000000000000000000000000000000000000000000000235230000000000235230000000000000000000000000000000410202407102024            000000000000000                              000                           
0010001300081T 0601897X0000000092096 24778822400002382   700000000000238204102024000000000389608745000040000002382                0900000000000010100000000000000000000000000000000000000   000000000000000000000000004        170192477882     
0010001300082U 060000000000000000000000000000000000000000000000000000000000000000000003896080000000003896080000000000000000000000000000000410202407102024            000000000000000                              000                           
0010001300083T 0601897X0000000092096 24778822400002403   700000000000240331102024000000000368583745000010000002403                0900000000000010100000000000000000000000000000000000000   000000000000000000000000004        170192477882     
0010001300084U 060000000000000000000000000000000000000000000000000000000000000000000003685830000000003685830000000000000000000000000000000410202407102024            000000000000000                              000                           
0010001300085T 0601897X0000000092096 24778822400002404   700000000000240429112024000000000368583745000010000002404                0900000000000010100000000000000000000000000000000000000   000000000000000000000000004        170192477882     
0010001300086U 060000000000000000000000000000000000000000000000000000000000000000000003685830000000003685830000000000000000000000000000000410202407102024            000000000000000                              000                           
0010001300087T 0601897X0000000092096 24778822400002405   700000000000240519122024000000000368583745000010000002405                0900000000000010100000000000000000000000000000000000000   000000000000000000000000004        170192477882     
0010001300088U 060000000000000000000000000000000000000000000000000000000000000000000003685830000000003685830000000000000000000000000000000410202407102024            000000000000000                              000                           
0010001300089T 0601897X0000000092096 24778822400002531   700000000000253131102024000000000270604745000010000002531                0900000000000010100000000000000000000000000000000000000   000000000000000000000000004        170192477882     
0010001300090U 060000000000000000000000000000000000000000000000000000000000000000000002706040000000002706040000000000000000000000000000000410202407102024            000000000000000                              000                           
0010001300091T 0601897X0000000092096 24778822400002532   700000000000253229112024000000000270604745000010000002532                0900000000000010100000000000000000000000000000000000000   000000000000000000000000004        170192477882     
0010001300092U 060000000000000000000000000000000000000000000000000000000000000000000002706040000000002706040000000000000000000000000000000410202407102024            000000000000000                              000                           
0010001300093T 0601897X0000000092096 24778822400002533   700000000000253319122024000000000270604745000010000002533                0900000000000010100000000000000000000000000000000000000   000000000000000000000000004        170192477882     
0010001300094U 060000000000000000000000000000000000000000000000000000000000000000000002706040000000002706040000000000000000000000000000000410202407102024            000000000000000                              000                           
0010001300095T 0601897X0000000092096 24778822400002822   700000000000282204102024000000000162555237005040000002822                0900000000000010100000000000000000000000000000000000000   000000000000000000000000004        170192477882     
0010001300096U 060000000000000000000000000000000000000000000000000000000000000000000001625550000000001625550000000000000000000000000000000410202407102024            000000000000000                              000                           
0010001300097T 0601897X0000000092096 24778822400002830   700000000000283004102024000000000162311237033710000002830                0900000000000010100000000000000000000000000000000000000   000000000000000000000000004        170192477882     
0010001300098U 060000000000000000000000000000000000000000000000000000000000000000000001623110000000001623110000000000000000000000000000000410202407102024            000000000000000                              000                           
0010001300099T 0601897X0000000092096 24778822400002838   700000000000283804102024000000000159277001033626000002838                0900000000000010040000000000000000000000000000000000000   000000000000000000000000034        170192477882     
0010001300100U 060000000000000000000000000000000000000000000000000000000000000000000001592770000000001592770000000000000000000000000000000410202407102024            000000000000000                              000                           
0010001300101T 0601897X0000000092096 24778822400003030   700000000000303004102024000000000128342341078830000003030                0900000000000010100000000000000000000000000000000000000   000000000000000000000000004        170192477882     
0010001300102U 060000000000000000000000000000000000000000000000000000000000000000000001283420000000001283420000000000000000000000000000000410202407102024            000000000000000                              000                           
0010001300103T 0601897X0000000092096 24778822400003190   700000000000319004102024000000000110649341080460000003190                0900000000000010100000000000000000000000000000000000000   000000000000000000000000004        170192477882     
0010001300104U 060000000000000000000000000000000000000000000000000000000000000000000001106490000000001106490000000000000000000000000000000410202407102024            000000000000000                              000                           
0010001300105T 0601897X0000000092096 24778822400003206   700000000000320604102024000000000109786237033710000003206                0900000000000010100000000000000000000000000000000000000   000000000000000000000000004        170192477882     
0010001300106U 060000000000000000000000000000000000000000000000000000000000000000000001097860000000001097860000000000000000000000000000000410202407102024            000000000000000                              000                           
0010001300107T 0601897X0000000092096 24778822400003322   700000000000332204102024000000000095150341001360000003322                0900000000000010100000000000000000000000000000000000000   000000000000000000000000004        170192477882     
0010001300108U 060000000000000000000000000000000000000000000000000000000000000000000000951500000000000951500000000000000000000000000000000410202407102024            000000000000000                              000                           
0010001300109T 0601897X0000000092096 24778822400003754   700000000000375404102024000000000066418033001440000003754                0900000000000010100000000000000000000000000000000000000   000000000000000000000000004        170192477882     
0010001300110U 060000000000000000000000000000000000000000000000000000000000000000000000664180000000000664180000000000000000000000000000000410202407102024            000000000000000                              000                           
0010001300111T 0601897X0000000092096 24778822400004115   700000000000411531102024000000000054894237013400000004115                0900000000000010100000000000000000000000000000000000000   000000000000000000000000004        170192477882     
0010001300112U 060000000000000000000000000000000000000000000000000000000000000000000000548940000000000548940000000000000000000000000000000410202407102024            000000000000000                              000                           
0010001300113T 0601897X0000000092096 24778822400004170   700000000000417004102024000000000052862341085770000004170                0900000000000010100000000000000000000000000000000000000   000000000000000000000000004        170192477882     
0010001300114U 060000000000000000000000000000000000000000000000000000000000000000000000528620000000000528620000000000000000000000000000000410202407102024            000000000000000                              000                           
0010001300115T 0601897X0000000092096 24778822400004366   700000000000436604102024000000000044376341075380000004366                0900000000000010100000000000000000000000000000000000000   000000000000000000000000004        170192477882     
0010001300116U 060000000000000000000000000000000000000000000000000000000000000000000000443760000000000443760000000000000000000000000000000410202407102024            000000000000000                              000                           
0010001300117T 0601897X0000000092096 24778822400004818   700000000000481804102024000000000034426341080460000004818                0900000000000010100000000000000000000000000000000000000   000000000000000000000000004        170192477882     
0010001300118U 060000000000000000000000000000000000000000000000000000000000000000000000344260000000000344260000000000000000000000000000000410202407102024            000000000000000                              000                           
0010001300119T 0601897X0000000092096 24778822400005082   700000000000508204102024000000000030439341001940000005082                0900000000000010100000000000000000000000000000000000000   000000000000000000000000004        170192477882     
0010001300120U 060000000000000000000000000000000000000000000000000000000000000000000000304390000000000304390000000000000000000000000000000410202407102024            000000000000000                              000                           
0010001300121T 0601897X0000000092096 24778822400005154   700000000000515404102024000000000029340341000190000005154                0900000000000010100000000000000000000000000000000000000   000000000000000000000000004        170192477882     
0010001300122U 060000000000000000000000000000000000000000000000000000000000000000000000293400000000000293400000000000000000000000000000000410202407102024            000000000000000                              000                           
0010001300123T 0601897X0000000092096 24778822400005163   700000000000516331102024000000000029288237033710000005163                0900000000000010100000000000000000000000000000000000000   000000000000000000000000004        170192477882     
0010001300124U 060000000000000000000000000000000000000000000000000000000000000000000000292880000000000292880000000000000000000000000000000410202407102024            000000000000000                              000                           
0010001300125T 0601897X0000000092096 24778822400005222   700000000000522204102024000000000028306341080310000005222                0900000000000010100000000000000000000000000000000000000   000000000000000000000000004        170192477882     
0010001300126U 060000000000000000000000000000000000000000000000000000000000000000000000283060000000000283060000000000000000000000000000000410202407102024            000000000000000                              000                           
0010001300127T 0601897X0000000092096 24778822400005226   700000000000522604102024000000000028178033036440000005226                0900000000000010100000000000000000000000000000000000000   000000000000000000000000004        170192477882     
0010001300128U 060000000000000000000000000000000000000000000000000000000000000000000000281780000000000281780000000000000000000000000000000410202407102024            000000000000000                              000                           
0010001300129T 0601897X0000000092096 24778822400005518   700000000000551804102024000000000023056001030813000005518                0900000000000010040000000000000000000000000000000000000   000000000000000000000000034        170192477882     
0010001300130U 060000000000000000000000000000000000000000000000000000000000000000000000230560000000000230560000000000000000000000000000000410202407102024            000000000000000                              000                           
0010001300131T 0601897X0000000092096 24778822400005662   700000000000566204102024000000000021956341000190000005662                0900000000000010100000000000000000000000000000000000000   000000000000000000000000004        170192477882     
0010001300132U 060000000000000000000000000000000000000000000000000000000000000000000000219560000000000219560000000000000000000000000000000410202407102024            000000000000000                              000                           
0010001300133T 0601897X0000000092096 24778822400005794   700000000000579404102024000000000020829077000010000005794                0900000000000010100000000000000000000000000000000000000   000000000000000000000000004        170192477882     
0010001300134U 060000000000000000000000000000000000000000000000000000000000000000000000208290000000000208290000000000000000000000000000000410202407102024            000000000000000                              000                           
0010001300135T 0601897X0000000092096 24778829000008232   7000008232      04102024000000000052760341000090000008232                0900000000000010100000000000000000000000000000000000000   000000000000000000000000004        170192477882     
0010001300136U 060000000000000000000000000000000000000000000000000000000000000000000000527600000000000527600000000000000000000000000000000410202407102024            000000000000000                              000                           
0010001300137T 0601897X0000000092096 24778829000008236   7000008236      04102024000000000050574237001560000008236                0900000000000010100000000000000000000000000000000000000   000000000000000000000000004        170192477882     
0010001300138U 060000000000000000000000000000000000000000000000000000000000000000000000505740000000000505740000000000000000000000000000000410202407102024            000000000000000                              000                           
0010001300139T 0601897X0000000092096 24778829000008253   7000008253      31102024000000000052757341000090000008253                0900000000000010100000000000000000000000000000000000000   000000000000000000000000004        170192477882     
0010001300140U 060000000000000000000000000000000000000000000000000000000000000000000000527570000000000527570000000000000000000000000000000410202407102024            000000000000000                              000                           
0010001300141T 0901897X0000000092096 24778829000008090   7000008090      3008202400000000021861300101849X000008090                0900000000000000000000000000000000000000000000000000000   000000000000000000000037209        170192477882     
0010001300142U 090000000000000000000000000000000000000000000000000000000000000000000000000000000000000000000000000000000000000000000000000410202400000000            000000000000000                              000                           
0010001300143T 0901897X0000000092096 24778829000008127   7000008127      30082024000000000339862001001678000008127                0900000000000000000000000000000000000000000000000000000   000000000000000000000037209        170192477882     
0010001300144U 090000000000000000000000000000000000000000000000000000000000000000000000000000000000000000000000000000000000000000000000000410202400000000            000000000000000                              000                           
0010001300145T 0901897X0000000092096 24778829000008129   7000008129      30082024000000000712193001022004000008129                0900000000000000000000000000000000000000000000000000000   000000000000000000000037209        170192477882     
0010001300146U 090000000000000000000000000000000000000000000000000000000000000000000000000000000000000000000000000000000000000000000000000410202400000000            000000000000000                              000                           
0010001300147T 0901897X0000000092096 24778829000008154   7000008154      30082024000000000067634001003018000008154                0900000000000000000000000000000000000000000000000000000   000000000000000000000037209        170192477882     
0010001300148U 090000000000000000000000000000000000000000000000000000000000000000000000000000000000000000000000000000000000000000000000000410202400000000            000000000000000                              000                           
0010001300149T 0901897X0000000092096 24778829000008168   7000008168      30082024000000000036037001003018000008168                0900000000000000000000000000000000000000000000000000000   000000000000000000000037209        170192477882     
0010001300150U 090000000000000000000000000000000000000000000000000000000000000000000000000000000000000000000000000000000000000000000000000410202400000000            000000000000000                              000                           
0010001300151T 0901897X0000000092096 24778822400000054   700000000000005430092024000000000279117001004154000000054                0900000000000000000000000000000000000000000000000000000   000000000000000000000037210        170192477882     
0010001300152U 090000000000000000000000000000000000000000000000000000000000000000000000000000000000000000000000000000000000000000000000000410202400000000            000000000000000                              000                           
0010001300153T 0901897X0000000092096 24778822400000498   70000000000004983009202400000000002927700100216X000000498                0900000000000000000000000000000000000000000000000000000   000000000000000000000037210        170192477882     
0010001300154U 090000000000000000000000000000000000000000000000000000000000000000000000000000000000000000000000000000000000000000000000000410202400000000            000000000000000                              000                           
0010001300155T 0901897X0000000092096 24778822400000848   700000000000084830092024000000000017542001069833000000848                0900000000000000000000000000000000000000000000000000000   000000000000000000000037210        170192477882     
0010001300156U 090000000000000000000000000000000000000000000000000000000000000000000000000000000000000000000000000000000000000000000000000410202400000000            000000000000000                              000                           
0010001300157T 1401897X0000000092096 24778822400000361   700000000000036107102024000000000035132001023248000000361                0900000000000000000000000000000000000000000000000000000   000000000000000000000000000        170192477882     
0010001300158U 140000000000000000000000000000000000000000000000000000000000000000000000000000000000000000000000000000000000000000000000000410202400000000            000000000000000                              000                           
0010001300159T 1401897X0000000092096 24778822400000398   70000000000003981110202400000000003327600100216X000000398                0900000000000000000000000000000000000000000000000000000   000000000000000000000000000        170192477882     
0010001300160U 140000000000000000000000000000000000000000000000000000000000000000000000000000000000000000000000000000000000000000000000000410202400000000            000000000000000                              000                           
0010001300161T 1401897X0000000092096 24778822400000622   700000000000062211102024000000000025530001003190000000622                0900000000000000000000000000000000000000000000000000000   000000000000000000000000000        170192477882     
0010001300162U 140000000000000000000000000000000000000000000000000000000000000000000000000000000000000000000000000000000000000000000000000410202400000000            000000000000000                              000                           
0010001300163T 1401897X0000000092096 24778822400000969   700000000000096907102024000000000011301001001678000000969                0900000000000000000000000000000000000000000000000000000   000000000000000000000000000        170192477882     
0010001300164U 140000000000000000000000000000000000000000000000000000000000000000000000000000000000000000000000000000000000000000000000000410202400000000            000000000000000                              000                           
0010001300165T 1401897X0000000092096 24778822400001191   700000000000119110102024000000000025646001001678000001191                0900000000000000000000000000000000000000000000000000000   000000000000000000000000000        170192477882     
0010001300166U 140000000000000000000000000000000000000000000000000000000000000000000000000000000000000000000000000000000000000000000000000410202400000000            000000000000000                              000                           
0010001300167T 1401897X0000000092096 24778822400002578   700000000000257807102024000000000242144001004561000002578                0900000000000000000000000000000000000000000000000000000   000000000000000000000000000        170192477882     
0010001300168U 140000000000000000000000000000000000000000000000000000000000000000000000000000000000000000000000000000000000000000000000000410202400000000            000000000000000                              000                           
0010001300169T 1401897X0000000092096 24778822400004774   700000000000477407102024000000000035286001003409000004774                0900000000000000000000000000000000000000000000000000000   000000000000000000000000000        170192477882     
0010001300170U 140000000000000000000000000000000000000000000000000000000000000000000000000000000000000000000000000000000000000000000000000410202400000000            000000000000000                              000                           
00100015         000172004240000000015525728080000000000000000000000000000000000000000000000000000000000000000000000000000000000000000000000000000                                                                                              
00199999         000001000174000000                                                                                                                                                            00000000000000000000000000000                    
