00100000         2115139610001160024778820014       01897X0000000092096 FUNDACAO AGENCIA DAS BACIAS HIBANCO DO BRASIL                         22409202401521300576503000000829973081PROCESSAMEN                                                 
00100011T0100020 20115139610001160024778820014       01897X0000000092096 FUNDACAO AGENCIA DAS BACIAS HI                                                                                000000002409202400000000  000000000                      
0010001300001T 0201897X0000000092096 24778829000008227   7000008227      30092024000000000334851001004596000008227                0900000000000010500000000000000000000000000000000000000   0000000000000000000000496A9A4      170192477882     
0010001300002U 020000000000000000000000000000000000000000000000000000000000000000000000000000000000000000000000000000000000000000000000002409202400000000            000000000000000                              000                           
0010001300003T 0201897X0000000092096 24778829000008228   7000008228      31102024000000000334849001004596000008228                0900000000000010500000000000000000000000000000000000000   0000000000000000000000496A9A4      170192477882     
0010001300004U 020000000000000000000000000000000000000000000000000000000000000000000000000000000000000000000000000000000000000000000000002409202400000000            000000000000000                              000                           
0010001300005T 0201897X0000000092096 24778829000008229   7000008229      29112024000000000334849001004596000008229                0900000000000010500000000000000000000000000000000000000   0000000000000000000000496A9A4      170192477882     
0010001300006U 020000000000000000000000000000000000000000000000000000000000000000000000000000000000000000000000000000000000000000000000002409202400000000            000000000000000                              000                           
0010001300007T 0201897X0000000092096 24778829000008230   7000008230      19122024000000000334849001004596000008230                0900000000000010500000000000000000000000000000000000000   0000000000000000000000496A9A4      170192477882     
0010001300008U 020000000000000000000000000000000000000000000000000000000000000000000000000000000000000000000000000000000000000000000000002409202400000000            000000000000000                              000                           
0010001300009T 0201897X0000000092096 24778829000008231   7000008231      30092024000000000084967001069833000008231                0900000000000010000000000000000000000000000000000000000   0000000000000000000000496A9        170192477882     
0010001300010U 020000000000000000000000000000000000000000000000000000000000000000000000000000000000000000000000000000000000000000000000002409202400000000            000000000000000                              000                           
0010001300011T 0601897X0000000092096 24778822400000017   700000000000001730092024000000000692660341087450000000017                0900000000000010100000000000000000000000000000000000000   000000000000000000000000004        170192477882     
0010001300012U 060000000000000000000000000000000000000000000000000000000000000000000006926600000000006926600000000000000000000000000000002409202425092024            000000000000000                              000                           
0010001300013T 0601897X0000000092096 24778822400000130   700000000000013030092024000000000107430745000010000000130                0900000000000010100000000000000000000000000000000000000   000000000000000000000000004        170192477882     
0010001300014U 060000000000000000000000000000000000000000000000000000000000000000000001074300000000001074300000000000000000000000000000002409202425092024            000000000000000                              000                           
0010001300015T 0601897X0000000092096 24778822400000166   700000000000016630092024000000000078830341002020000000166                0900000000000010100000000000000000000000000000000000000   000000000000000000000000004        170192477882     
0010001300016U 060000000000000000000000000000000000000000000000000000000000000000000000788300000000000788300000000000000000000000000000002409202425092024            000000000000000                              000                           
0010001300017T 0601897X0000000092096 24778822400000401   700000000000040130092024000000000033029104002780000000401                0900000000000010100000000000000000000000000000000000000   000000000000000000000000004        170192477882     
0010001300018U 060000000000000000000000000000000000000000000000000000000000000000000000330290000000000330290000000000000000000000000000002409202425092024            000000000000000                              000                           
0010001300019T 0601897X0000000092096 24778822400000409   700000000000040930092024000000000032458341002770000000409                0900000000000010100000000000000000000000000000000000000   000000000000000000000000004        170192477882     
0010001300020U 060000000000000000000000000000000000000000000000000000000000000000000000324580000000000324580000000000000000000000000000002409202425092024            000000000000000                              000                           
0010001300021T 0601897X0000000092096 24778822400000468   700000000000046830092024000000000029942237002150000000468                0900000000000010100000000000000000000000000000000000000   000000000000000000000000004        170192477882     
0010001300022U 060000000000000000000000000000000000000000000000000000000000000000000000299420000000000299420000000000000000000000000000002409202425092024            000000000000000                              000                           
0010001300023T 0601897X0000000092096 24778822400000520   700000000000052030092024000000000029070082000010000000520                0900000000000010100000000000000000000000000000000000000   000000000000000000000000004        170192477882     
0010001300024U 060000000000000000000000000000000000000000000000000000000000000000000000290700000000000290700000000000000000000000000000002409202425092024            000000000000000                              000                           
0010001300025T 0601897X0000000092096 24778822400000648   700000000000064830092024000000000024739104017190000000648                0900000000000010100000000000000000000000000000000000000   000000000000000000000000004        170192477882     
0010001300026U 060000000000000000000000000000000000000000000000000000000000000000000000247390000000000247390000000000000000000000000000002409202425092024            000000000000000                              000                           
0010001300027T 0601897X0000000092096 24778822400000780   700000000000078030092024000000000020754237002150000000780                0900000000000010100000000000000000000000000000000000000   000000000000000000000000004        170192477882     
0010001300028U 060000000000000000000000000000000000000000000000000000000000000000000000207540000000000207540000000000000000000000000000002409202425092024            000000000000000                              000                           
0010001300029T 0601897X0000000092096 24778822400000783   700000000000078330092024000000000020641341002790000000783                0900000000000010100000000000000000000000000000000000000   000000000000000000000000004        170192477882     
0010001300030U 060000000000000000000000000000000000000000000000000000000000000000000000206410000000000206410000000000000000000000000000002409202425092024            000000000000000                              000                           
0010001300031T 0601897X0000000092096 24778822400000789   700000000000078930092024000000000020260104002780000000789                0900000000000010100000000000000000000000000000000000000   000000000000000000000000004        170192477882     
0010001300032U 060000000000000000000000000000000000000000000000000000000000000000000000202600000000000202600000000000000000000000000000002409202425092024            000000000000000                              000                           
0010001300033T 0601897X0000000092096 24778822400000917   700000000000091730092024000000000014522104002780000000917                0900000000000010100000000000000000000000000000000000000   000000000000000000000000004        170192477882     
0010001300034U 060000000000000000000000000000000000000000000000000000000000000000000000145220000000000145220000000000000000000000000000002409202425092024            000000000000000                              000                           
0010001300035T 0601897X0000000092096 24778822400000951   700000000000095130092024000000000013175756014090000000951                0900000000000010100000000000000000000000000000000000000   000000000000000000000000004        170192477882     
0010001300036U 060000000000000000000000000000000000000000000000000000000000000000000000131750000000000131750000000000000000000000000000002409202425092024            000000000000000                              000                           
0010001300037T 0601897X0000000092096 24778822400000963   700000000000096330092024000000000011848033002980000000963                0900000000000010100000000000000000000000000000000000000   000000000000000000000000004        170192477882     
0010001300038U 060000000000000000000000000000000000000000000000000000000000000000000000118480000000000118480000000000000000000000000000002409202425092024            000000000000000                              000                           
0010001300039T 0601897X0000000092096 24778822400000974   700000000000097430092024000000000010936104017190000000974                0900000000000010100000000000000000000000000000000000000   000000000000000000000000004        170192477882     
0010001300040U 060000000000000000000000000000000000000000000000000000000000000000000000109360000000000109360000000000000000000000000000002409202425092024            000000000000000                              000                           
0010001300041T 0601897X0000000092096 24778822400001047   700000000000104730092024000000000029276341028660000001047                0900000000000010100000000000000000000000000000000000000   000000000000000000000000004        170192477882     
0010001300042U 060000000000000000000000000000000000000000000000000000000000000000000000292760000000000292760000000000000000000000000000002409202425092024            000000000000000                              000                           
0010001300043T 0601897X0000000092096 24778822400001077   700000000000107730092024000000000029275341006580000001077                0900000000000010100000000000000000000000000000000000000   000000000000000000000000004        170192477882     
0010001300044U 060000000000000000000000000000000000000000000000000000000000000000000000292750000000000292750000000000000000000000000000002409202425092024            000000000000000                              000                           
0010001300045T 0601897X0000000092096 24778822400001201   700000000000120130092024000000000025555237005200000001201                0900000000000010100000000000000000000000000000000000000   000000000000000000000000004        170192477882     
0010001300046U 060000000000000000000000000000000000000000000000000000000000000000000000255550000000000255550000000000000000000000000000002409202425092024            000000000000000                              000                           
0010001300047T 0601897X0000000092096 24778822400001249   700000000000124930092024000000000024396341006580000001249                0900000000000010100000000000000000000000000000000000000   000000000000000000000000004        170192477882     
0010001300048U 060000000000000000000000000000000000000000000000000000000000000000000000243960000000000243960000000000000000000000000000002409202425092024            000000000000000                              000                           
0010001300049T 0601897X0000000092096 24778822400001373   700000000000137330092024000000000021957104012000000001373                0900000000000010100000000000000000000000000000000000000   000000000000000000000000004        170192477882     
0010001300050U 060000000000000000000000000000000000000000000000000000000000000000000000219570000000000219570000000000000000000000000000002409202425092024            000000000000000                              000                           
0010001300051T 0601897X0000000092096 24778822400001421   700000000000142130092024000000000021516237001500000001421                0900000000000010100000000000000000000000000000000000000   000000000000000000000000004        170192477882     
0010001300052U 060000000000000000000000000000000000000000000000000000000000000000000000215160000000000215160000000000000000000000000000002409202425092024            000000000000000                              000                           
0010001300053T 0601897X0000000092096 24778822400001776   700000000000177630092024000000000023092341063930000001776                0900000000000010100000000000000000000000000000000000000   000000000000000000000000004        170192477882     
0010001300054U 060000000000000000000000000000000000000000000000000000000000000000000000230920000000000230920000000000000000000000000000002409202425092024            000000000000000                              000                           
0010001300055T 0601897X0000000092096 24778822400001785   700000000000178530092024000000000023030033042040000001785                0900000000000010100000000000000000000000000000000000000   000000000000000000000000004        170192477882     
0010001300056U 060000000000000000000000000000000000000000000000000000000000000000000000230300000000000230300000000000000000000000000000002409202425092024            000000000000000                              000                           
0010001300057T 0601897X0000000092096 24778822400001887   700000000000188730092024000000000021459748052110000001887                0900000000000010100000000000000000000000000000000000000   000000000000000000000000004        170192477882     
0010001300058U 060000000000000000000000000000000000000000000000000000000000000000000000214590000000000214590000000000000000000000000000002409202425092024            000000000000000                              000                           
0010001300059T 0601897X0000000092096 24778822400001914   700000000000191430092024000000000021197033032480000001914                0900000000000010100000000000000000000000000000000000000   000000000000000000000000004        170192477882     
0010001300060U 060000000000000000000000000000000000000000000000000000000000000000000000211970000000000211970000000000000000000000000000002409202425092024            000000000000000                              000                           
0010001300061T 0601897X0000000092096 24778822400002583   700000000000258331102024000000000241533341074680000002583                0900000000000010100000000000000000000000000000000000000   000000000000000000000000004        170192477882     
0010001300062U 060000000000000000000000000000000000000000000000000000000000000000000002415330000000002415330000000000000000000000000000002409202425092024            000000000000000                              000                           
0010001300063T 0601897X0000000092096 24778822400003242   700000000000324230092024000000000106859104003150000003242                0900000000000010100000000000000000000000000000000000000   000000000000000000000000004        170192477882     
0010001300064U 060000000000000000000000000000000000000000000000000000000000000000000001068590000000001068590000000000000000000000000000002409202425092024            000000000000000                              000                           
0010001300065T 0601897X0000000092096 24778822400003406   700000000000340630092024000000000087830748054150000003406                0900000000000010100000000000000000000000000000000000000   000000000000000000000000004        170192477882     
0010001300066U 060000000000000000000000000000000000000000000000000000000000000000000000878300000000000878300000000000000000000000000000002409202425092024            000000000000000                              000                           
0010001300067T 0601897X0000000092096 24778822400003646   700000000000364630092024000000000072582104017190000003646                0900000000000010100000000000000000000000000000000000000   000000000000000000000000004        170192477882     
0010001300068U 060000000000000000000000000000000000000000000000000000000000000000000000725820000000000725820000000000000000000000000000002409202425092024            000000000000000                              000                           
0010001300069T 0601897X0000000092096 24778822400003647   700000000000364731102024000000000072583104017190000003647                0900000000000010100000000000000000000000000000000000000   000000000000000000000000004        170192477882     
0010001300070U 060000000000000000000000000000000000000000000000000000000000000000000000725830000000000725830000000000000000000000000000002409202425092024            000000000000000                              000                           
0010001300071T 0601897X0000000092096 24778822400003648   700000000000364829112024000000000072583104017190000003648                0900000000000010100000000000000000000000000000000000000   000000000000000000000000004        170192477882     
0010001300072U 060000000000000000000000000000000000000000000000000000000000000000000000725830000000000725830000000000000000000000000000002409202425092024            000000000000000                              000                           
0010001300073T 0601897X0000000092096 24778822400003649   700000000000364919122024000000000072583104017190000003649                0900000000000010100000000000000000000000000000000000000   000000000000000000000000004        170192477882     
0010001300074U 060000000000000000000000000000000000000000000000000000000000000000000000725830000000000725830000000000000000000000000000002409202425092024            000000000000000                              000                           
0010001300075T 0601897X0000000092096 24778822400003938   700000000000393830092024000000000059285748054240000003938                0900000000000010100000000000000000000000000000000000000   000000000000000000000000004        170192477882     
0010001300076U 060000000000000000000000000000000000000000000000000000000000000000000000592850000000000592850000000000000000000000000000002409202425092024            000000000000000                              000                           
0010001300077T 0601897X0000000092096 24778822400003946   700000000000394630092024000000000059194341000300000003946                0900000000000010100000000000000000000000000000000000000   000000000000000000000000004        170192477882     
0010001300078U 060000000000000000000000000000000000000000000000000000000000000000000000591940000000000591940000000000000000000000000000002409202425092024            000000000000000                              000                           
0010001300079T 0601897X0000000092096 24778822400003986   700000000000398630092024000000000058554033033160000003986                0900000000000010100000000000000000000000000000000000000   000000000000000000000000004        170192477882     
0010001300080U 060000000000000000000000000000000000000000000000000000000000000000000000585540000000000585540000000000000000000000000000002409202425092024            000000000000000                              000                           
0010001300081T 0601897X0000000092096 24778822400004302   700000000000430230092024000000000047574033003920000004302                0900000000000010100000000000000000000000000000000000000   000000000000000000000000004        170192477882     
0010001300082U 060000000000000000000000000000000000000000000000000000000000000000000000475740000000000475740000000000000000000000000000002409202425092024            000000000000000                              000                           
0010001300083T 0601897X0000000092096 24778822400004962   700000000000496230092024000000000032593341009120000004962                0900000000000010100000000000000000000000000000000000000   000000000000000000000000004        170192477882     
0010001300084U 060000000000000000000000000000000000000000000000000000000000000000000000325930000000000325930000000000000000000000000000002409202425092024            000000000000000                              000                           
0010001300085T 0601897X0000000092096 24778822400005362   700000000000536230092024000000000025618033036440000005362                0900000000000010100000000000000000000000000000000000000   000000000000000000000000004        170192477882     
0010001300086U 060000000000000000000000000000000000000000000000000000000000000000000000256180000000000256180000000000000000000000000000002409202425092024            000000000000000                              000                           
0010001300087T 0601897X0000000092096 24778822400005526   700000000000552630092024000000000023056237001870000005526                0900000000000010100000000000000000000000000000000000000   000000000000000000000000004        170192477882     
0010001300088U 060000000000000000000000000000000000000000000000000000000000000000000000230560000000000230560000000000000000000000000000002409202425092024            000000000000000                              000                           
0010001300089T 0601897X0000000092096 24778822400005690   700000000000569030092024000000000021677001016071000005690                0900000000000010090000000000000000000000000000000000000   000000000000000000000000006        170192477882     
0010001300090U 060000000000000000000000000000000000000000000000000000000000000000000000216770000000000216770000000000000000000000000000002409202425092024            000000000000000                              000                           
0010001300091T 0601897X0000000092096 24778822400005691   700000000000569131102024000000000021678001016071000005691                0900000000000010090000000000000000000000000000000000000   000000000000000000000000006        170192477882     
0010001300092U 060000000000000000000000000000000000000000000000000000000000000000000000216780000000000216780000000000000000000000000000002409202425092024            000000000000000                              000                           
0010001300093T 0601897X0000000092096 24778822400005692   700000000000569229112024000000000021678001016071000005692                0900000000000010090000000000000000000000000000000000000   000000000000000000000000006        170192477882     
0010001300094U 060000000000000000000000000000000000000000000000000000000000000000000000216780000000000216780000000000000000000000000000002409202425092024            000000000000000                              000                           
0010001300095T 0601897X0000000092096 24778822400005693   700000000000569319122024000000000021678001016071000005693                0900000000000010090000000000000000000000000000000000000   000000000000000000000000006        170192477882     
0010001300096U 060000000000000000000000000000000000000000000000000000000000000000000000216780000000000216780000000000000000000000000000002409202425092024            000000000000000                              000                           
0010001300097T 1401897X0000000092096 24778822400002102   700000000000210208102024000000003076170001014753000002102                0900000000000000000000000000000000000000000000000000000   000000000000000000000000000        170192477882     
0010001300098U 140000000000000000000000000000000000000000000000000000000000000000000000000000000000000000000000000000000000000000000000002409202400000000            000000000000000                              000                           
00100015         000100005679000000020734004340000000000000000000000000000000000000000000000000000000000000000000000000000000000000000000000000000                                                                                              
00199999         000001000102000000                                                                                                                                                            00000000000000000000000000000                    
