00100000         2115139610001160024778820014       01897X0000000092096 FUNDACAO AGENCIA DAS BACIAS HIBANCO DO BRASIL                         20212202402133400585903000000829973081PROCESSAMEN                                                 
00100011T0100020 20115139610001160024778820014       01897X0000000092096 FUNDACAO AGENCIA DAS BACIAS HI                                                                                000000000212202400000000  000000000                      
0010001300001T 0201897X0000000092096 24778829000008420   7000008420      31012025000000009000000001001724000008420                0900000000000010000000000000000000000000000000000000000   0000000000000000000000496A9        170192477882     
0010001300002U 020000000000000000000000000000000000000000000000000000000000000000000000000000000000000000000000000000000000000000000000000212202400000000            000000000000000                              000                           
0010001300003T 0201897X0000000092096 24778829000008421   7000008421      28022025000000009000000001001724000008421                0900000000000010000000000000000000000000000000000000000   0000000000000000000000496A9        170192477882     
0010001300004U 020000000000000000000000000000000000000000000000000000000000000000000000000000000000000000000000000000000000000000000000000212202400000000            000000000000000                              000                           
0010001300005T 0201897X0000000092096 24778829000008422   7000008422      31032025000000009000000001001724000008422                0900000000000010000000000000000000000000000000000000000   0000000000000000000000496A9        170192477882     
0010001300006U 020000000000000000000000000000000000000000000000000000000000000000000000000000000000000000000000000000000000000000000000000212202400000000            000000000000000                              000                           
0010001300007T 0201897X0000000092096 24778829000008423   7000008423      30042025000000009000000001001724000008423                0900000000000010000000000000000000000000000000000000000   0000000000000000000000496A9        170192477882     
0010001300008U 020000000000000000000000000000000000000000000000000000000000000000000000000000000000000000000000000000000000000000000000000212202400000000            000000000000000                              000                           
0010001300009T 0201897X0000000092096 24778829000008424   7000008424      30052025000000009000000001001724000008424                0900000000000010000000000000000000000000000000000000000   0000000000000000000000496A9        170192477882     
0010001300010U 020000000000000000000000000000000000000000000000000000000000000000000000000000000000000000000000000000000000000000000000000212202400000000            000000000000000                              000                           
0010001300011T 0201897X0000000092096 24778829000008425   7000008425      30062025000000009000000001001724000008425                0900000000000010000000000000000000000000000000000000000   0000000000000000000000496A9        170192477882     
0010001300012U 020000000000000000000000000000000000000000000000000000000000000000000000000000000000000000000000000000000000000000000000000212202400000000            000000000000000                              000                           
0010001300013T 0201897X0000000092096 24778829000008426   7000008426      31012025000000001970464001041467000008426                0900000000000010000000000000000000000000000000000000000   0000000000000000000000496A9        170192477882     
0010001300014U 020000000000000000000000000000000000000000000000000000000000000000000000000000000000000000000000000000000000000000000000000212202400000000            000000000000000                              000                           
0010001300015T 0201897X0000000092096 24778829000008427   7000008427      28022025000000001970464001041467000008427                0900000000000010000000000000000000000000000000000000000   0000000000000000000000496A9        170192477882     
0010001300016U 020000000000000000000000000000000000000000000000000000000000000000000000000000000000000000000000000000000000000000000000000212202400000000            000000000000000                              000                           
0010001300017T 0201897X0000000092096 24778829000008428   7000008428      31032025000000001970464001041467000008428                0900000000000010000000000000000000000000000000000000000   0000000000000000000000496A9        170192477882     
0010001300018U 020000000000000000000000000000000000000000000000000000000000000000000000000000000000000000000000000000000000000000000000000212202400000000            000000000000000                              000                           
0010001300019T 0201897X0000000092096 24778829000008429   7000008429      30042025000000001970464001041467000008429                0900000000000010000000000000000000000000000000000000000   0000000000000000000000496A9        170192477882     
0010001300020U 020000000000000000000000000000000000000000000000000000000000000000000000000000000000000000000000000000000000000000000000000212202400000000            000000000000000                              000                           
0010001300021T 0201897X0000000092096 24778829000008430   7000008430      30052025000000001970464001041467000008430                0900000000000010000000000000000000000000000000000000000   0000000000000000000000496A9        170192477882     
0010001300022U 020000000000000000000000000000000000000000000000000000000000000000000000000000000000000000000000000000000000000000000000000212202400000000            000000000000000                              000                           
0010001300023T 0201897X0000000092096 24778829000008431   7000008431      30062025000000001970464001041467000008431                0900000000000010000000000000000000000000000000000000000   0000000000000000000000496A9        170192477882     
0010001300024U 020000000000000000000000000000000000000000000000000000000000000000000000000000000000000000000000000000000000000000000000000212202400000000            000000000000000                              000                           
0010001300025T 0201897X0000000092096 24778829000008432   7000008432      31122024000000000045307001001678000008432                0900000000000010000000000000000000000000000000000000000   0000000000000000000000496A9        170192477882     
0010001300026U 020000000000000000000000000000000000000000000000000000000000000000000000000000000000000000000000000000000000000000000000000212202400000000            000000000000000                              000                           
0010001300027T 0201897X0000000092096 24778829000008433   7000008433      3112202400000000022487200101849X000008433                0900000000000010500000000000000000000000000000000000000   0000000000000000000000496A9A4      170192477882     
0010001300028U 020000000000000000000000000000000000000000000000000000000000000000000000000000000000000000000000000000000000000000000000000212202400000000            000000000000000                              000                           
0010001300029T 0201897X0000000092096 24778829000008434   7000008434      31122024000000000113818001066583000008434                0900000000000010500000000000000000000000000000000000000   0000000000000000000000496A9A4      170192477882     
0010001300030U 020000000000000000000000000000000000000000000000000000000000000000000000000000000000000000000000000000000000000000000000000212202400000000            000000000000000                              000                           
0010001300031T 0201897X0000000092096 24778829000008435   7000008435      31122024000000001760925001000566000008435                0900000000000010000000000000000000000000000000000000000   0000000000000000000000496A9        170192477882     
0010001300032U 020000000000000000000000000000000000000000000000000000000000000000000000000000000000000000000000000000000000000000000000000212202400000000            000000000000000                              000                           
0010001300033T 0201897X0000000092096 24778829000008436   7000008436      31122024000000000269175001007994000008436                0900000000000010000000000000000000000000000000000000000   0000000000000000000000496A9        170192477882     
0010001300034U 020000000000000000000000000000000000000000000000000000000000000000000000000000000000000000000000000000000000000000000000000212202400000000            000000000000000                              000                           
0010001300035T 0201897X0000000092096 24778829000008437   7000008437      31122024000000000070634001009946000008437                0900000000000010000000000000000000000000000000000000000   0000000000000000000000496A9        170192477882     
0010001300036U 020000000000000000000000000000000000000000000000000000000000000000000000000000000000000000000000000000000000000000000000000212202400000000            000000000000000                              000                           
0010001300037T 0601897X0000000092096 24778822400001523   700000000000152329112024000000000026349033005630000001523                0900000000000010100000000000000000000000000000000000000   000000000000000000000000004        170192477882     
0010001300038U 060000000000005520000000000000000000000000000000000000000000000000000000269010000000000269010000000000000000000000000000000212202403122024            000000000000000                              000                           
0010001300039T 0601897X0000000092096 24778822400002336   700000000000233629112024000000000438857341005600000002336                0900000000000010100000000000000000000000000000000000000   000000000000000000000000004        170192477882     
0010001300040U 060000000000092150000000000000000000000000000000000000000000000000000004480720000000004480720000000000000000000000000000000212202403122024            000000000000000                              000                           
0010001300041T 0601897X0000000092096 24778822400002656   700000000000265629112024000000000208235341029640000002656                0900000000000010100000000000000000000000000000000000000   000000000000000000000000004        170192477882     
0010001300042U 060000000000043720000000000000000000000000000000000000000000000000000002126070000000002126070000000000000000000000000000000212202403122024            000000000000000                              000                           
0010001300043T 0601897X0000000092096 24778822400004081   700000000000408119122024000000000056163341011450000004081                0900000000000010100000000000000000000000000000000000000   000000000000000000000000004        170192477882     
0010001300044U 060000000000000000000000000000000000000000000000000000000000000000000000561630000000000561630000000000000000000000000000000212202403122024            000000000000000                              000                           
0010001300045T 0601897X0000000092096 24778822400004109   700000000000410919122024000000000054894237002140000004109                0900000000000010100000000000000000000000000000000000000   000000000000000000000000004        170192477882     
0010001300046U 060000000000000000000000000000000000000000000000000000000000000000000000548940000000000548940000000000000000000000000000000212202403122024            000000000000000                              000                           
0010001300047T 0601897X0000000092096 24778822400004372   700000000000437229112024000000000044355104029770000004372                0900000000000010100000000000000000000000000000000000000   000000000000000000000000004        170192477882     
0010001300048U 060000000000009310000000000000000000000000000000000000000000000000000000452860000000000452860000000000000000000000000000000212202403122024            000000000000000                              000                           
0010001300049T 0601897X0000000092096 24778822400004460   700000000000446029112024000000000042817237019700000004460                0900000000000010100000000000000000000000000000000000000   000000000000000000000000004        170192477882     
0010001300050U 060000000000008980000000000000000000000000000000000000000000000000000000437150000000000437150000000000000000000000000000000212202403122024            000000000000000                              000                           
0010001300051T 0601897X0000000092096 24778822400004741   700000000000474119122024000000000035984341009100000004741                0900000000000010100000000000000000000000000000000000000   000000000000000000000000004        170192477882     
0010001300052U 060000000000000000000000000000000000000000000000000000000000000000000000359840000000000359840000000000000000000000000000000212202403122024            000000000000000                              000                           
0010001300053T 0601897X0000000092096 24778822400005008   700000000000500829112024000000000031985237033710000005008                0900000000000010100000000000000000000000000000000000000   000000000000000000000000004        170192477882     
0010001300054U 060000000000006700000000000000000000000000000000000000000000000000000000326550000000000326550000000000000000000000000000000212202403122024            000000000000000                              000                           
0010001300055T 0601897X0000000092096 24778822400005165   700000000000516519122024000000000029288237033710000005165                0900000000000010100000000000000000000000000000000000000   000000000000000000000000004        170192477882     
0010001300056U 060000000000000000000000000000000000000000000000000000000000000000000000292880000000000292880000000000000000000000000000000212202403122024            000000000000000                              000                           
0010001300057T 0601897X0000000092096 24778822400005197   700000000000519719122024000000000029204341009100000005197                0900000000000010100000000000000000000000000000000000000   000000000000000000000000004        170192477882     
0010001300058U 060000000000000000000000000000000000000000000000000000000000000000000000292040000000000292040000000000000000000000000000000212202403122024            000000000000000                              000                           
0010001300059T 0601897X0000000092096 24778829000008133   7000008133      29112024000000000057831509000010000008133                0900000000000010100000000000000000000000000000000000000   000000000000000000000000004        170192477882     
0010001300060U 060000000000012130000000000000000000000000000000000000000000000000000000590440000000000590440000000000000000000000000000000212202403122024            000000000000000                              000                           
0010001300061T 0601897X0000000092096 24778829000008385   7000008385      29112024000000000431190341029640000008385                0900000000000010100000000000000000000000000000000000000   000000000000000000000000004        170192477882     
0010001300062U 060000000000090530000000000000000000000000000000000000000000000000000004402440000000004402440000000000000000000000000000010212202403122024            000000000000000                              000                           
0010001300063T 0901897X0000000092096 24778829000008383   7000008383      29112024000000000876082001000566000008383                0900000000000000000000000000000000000000000000000000000   000000000000000000000037210        170192477882     
0010001300064U 090000000000000000000000000000000000000000000000000000000000000000000000000000000000000000000000000000000000000000000000000212202400000000            000000000000000                              000                           
0010001300065T 0901897X0000000092096 24778829000008407   7000008407      29112024000000000046855001009946000008407                0900000000000000000000000000000000000000000000000000000   000000000000000000000037210        170192477882     
0010001300066U 090000000000000000000000000000000000000000000000000000000000000000000000000000000000000000000000000000000000000000000000000212202400000000            000000000000000                              000                           
00100015         000068001612000000005987996500000000000000000000000000000000000000000000000000000000000000000000000000000000000000000000000000000                                                                                              
00199999         000001000070000000                                                                                                                                                            00000000000000000000000000000                    
