00100000         2115139610001160024778820014       01897X0000000092096 FUNDACAO AGENCIA DAS BACIAS HIBANCO DO BRASIL                         20110202402024600577503000000829973081PROCESSAMEN                                                 
00100011T0100020 20115139610001160024778820014       01897X0000000092096 FUNDACAO AGENCIA DAS BACIAS HI                                                                                000000000110202400000000  000000000                      
0010001300001T 0201897X0000000092096 24778829000008248   7000008248      31102024000000000247312001003409000008248                0900000000000010500000000000000000000000000000000000000   0000000000000000000000496A9A4      170192477882     
0010001300002U 020000000000000000000000000000000000000000000000000000000000000000000000000000000000000000000000000000000000000000000000000110202400000000            000000000000000                              000                           
0010001300003T 0201897X0000000092096 24778829000008249   7000008249      29112024000000000247312001003409000008249                0900000000000010500000000000000000000000000000000000000   0000000000000000000000496A9A4      170192477882     
0010001300004U 020000000000000000000000000000000000000000000000000000000000000000000000000000000000000000000000000000000000000000000000000110202400000000            000000000000000                              000                           
0010001300005T 0201897X0000000092096 24778829000008250   7000008250      19122024000000000247312001003409000008250                0900000000000010500000000000000000000000000000000000000   0000000000000000000000496A9A4      170192477882     
0010001300006U 020000000000000000000000000000000000000000000000000000000000000000000000000000000000000000000000000000000000000000000000000110202400000000            000000000000000                              000                           
0010001300007T 0201897X0000000092096 24778829000008251   7000008251      31012025000000000247312001003409000008251                0900000000000010500000000000000000000000000000000000000   0000000000000000000000496A9A4      170192477882     
0010001300008U 020000000000000000000000000000000000000000000000000000000000000000000000000000000000000000000000000000000000000000000000000110202400000000            000000000000000                              000                           
0010001300009T 0201897X0000000092096 24778829000008252   7000008252      28022025000000000247312001003409000008252                0900000000000010500000000000000000000000000000000000000   0000000000000000000000496A9A4      170192477882     
0010001300010U 020000000000000000000000000000000000000000000000000000000000000000000000000000000000000000000000000000000000000000000000000110202400000000            000000000000000                              000                           
0010001300011T 0201897X0000000092096 24778829000008253   7000008253      31102024000000000052757001006998000008253                0900000000000010000000000000000000000000000000000000000   0000000000000000000000496A9        170192477882     
0010001300012U 020000000000000000000000000000000000000000000000000000000000000000000000000000000000000000000000000000000000000000000000000110202400000000            000000000000000                              000                           
0010001300013T 0601897X0000000092096 24778822400000028   700000000000002804102024000000000467092509000010000000028                0900000000000010100000000000000000000000000000000000000   000000000000000000000000004        170192477882     
0010001300014U 060000000000000000000000000000000000000000000000000000000000000000000004670920000000004670920000000000000000000000000000000110202402102024            000000000000000                              000                           
0010001300015T 0601897X0000000092096 24778822400000139   700000000000013930092024000000000102121033043720000000139                0900000000000010100000000000000000000000000000000000000   000000000000000000000000004        170192477882     
0010001300016U 060000000000020760000000000000000000000000000000000000000000000000000001041970000000001041970000000000000000000000000000000110202402102024            000000000000000                              000                           
0010001300017T 0601897X0000000092096 24778822400000300   700000000000030030092024000000000038059756072790000000300                0900000000000010100000000000000000000000000000000000000   000000000000000000000000004        170192477882     
0010001300018U 060000000000007730000000000000000000000000000000000000000000000000000000388320000000000388320000000000000000000000000000000110202402102024            000000000000000                              000                           
0010001300019T 0601897X0000000092096 24778822400000350   700000000000035030092024000000000035677341062600000000350                0900000000000010100000000000000000000000000000000000000   000000000000000000000000004        170192477882     
0010001300020U 060000000000007240000000000000000000000000000000000000000000000000000000364010000000000364010000000000000000000000000000000110202402102024            000000000000000                              000                           
0010001300021T 0601897X0000000092096 24778822400000451   700000000000045130092024000000000030646237033890000000451                0900000000000010100000000000000000000000000000000000000   000000000000000000000000004        170192477882     
0010001300022U 060000000000006220000000000000000000000000000000000000000000000000000000312680000000000312680000000000000000000000000000000110202402102024            000000000000000                              000                           
0010001300023T 0601897X0000000092096 24778822400000495   700000000000049530092024000000000029277748053310000000495                0900000000000010100000000000000000000000000000000000000   000000000000000000000000004        170192477882     
0010001300024U 060000000000005940000000000000000000000000000000000000000000000000000000298710000000000298710000000000000000000000000000000110202402102024            000000000000000                              000                           
0010001300025T 0601897X0000000092096 24778822400000525   700000000000052530092024000000000028983001033839000000525                0900000000000010060000000000000000000000000000000000000   000000000000000000000000033        170192477882     
0010001300026U 060000000000005880000000000000000000000000000000000000000000000000000000295710000000000295710000000000000000000000000000000110202402102024            000000000000000                              000                           
0010001300027T 0601897X0000000092096 24778822400000736   700000000000073630092024000000000022213237008030000000736                0900000000000010100000000000000000000000000000000000000   000000000000000000000000004        170192477882     
0010001300028U 060000000000004510000000000000000000000000000000000000000000000000000000226640000000000226640000000000000000000000000000000110202402102024            000000000000000                              000                           
0010001300029T 0601897X0000000092096 24778822400000756   700000000000075630092024000000000021657341000360000000756                0900000000000010100000000000000000000000000000000000000   000000000000000000000000004        170192477882     
0010001300030U 060000000000004400000000000000000000000000000000000000000000000000000000220970000000000220970000000000000000000000000000000110202402102024            000000000000000                              000                           
0010001300031T 0601897X0000000092096 24778822400001105   700000000000110530092024000000000027813237032210000001105                0900000000000010100000000000000000000000000000000000000   000000000000000000000000004        170192477882     
0010001300032U 060000000000005650000000000000000000000000000000000000000000000000000000283780000000000283780000000000000000000000000000000110202402102024            000000000000000                              000                           
0010001300033T 0601897X0000000092096 24778822400001153   700000000000115330092024000000000026349237033980000001153                0900000000000010100000000000000000000000000000000000000   000000000000000000000000004        170192477882     
0010001300034U 060000000000005340000000000000000000000000000000000000000000000000000000268830000000000268830000000000000000000000000000000110202402102024            000000000000000                              000                           
0010001300035T 0601897X0000000092096 24778822400001627   700000000000162731102024000000000024397237002150000001627                0900000000000010100000000000000000000000000000000000000   000000000000000000000000004        170192477882     
0010001300036U 060000000000000000000000000000000000000000000000000000000000000000000000243970000000000243970000000000000000000000000000000110202402102024            000000000000000                              000                           
0010001300037T 0601897X0000000092096 24778822400001975   700000000000197531102024000000000020064341000550000001975                0900000000000010100000000000000000000000000000000000000   000000000000000000000000004        170192477882     
0010001300038U 060000000000000000000000000000000000000000000000000000000000000000000000200640000000000200640000000000000000000000000000000110202402102024            000000000000000                              000                           
0010001300039T 0601897X0000000092096 24778822400002086   700000000000208630092024000000003538073001045276000002086                0900000000000010040000000000000000000000000000000000000   000000000000000000000000034        170192477882     
0010001300040U 060000000000719390000000000000000000000000000000000000000000000000000036100120000000036100120000000000000000000000000000000110202402102024            000000000000000                              000                           
0010001300041T 0601897X0000000092096 24778822400002962   700000000000296201102024000000000139020341029990000002962                0900000000000010100000000000000000000000000000000000000   000000000000000000000000004        170192477882     
0010001300042U 060000000000000000000000000000000000000000000000000000000000000000000001390200000000001390200000000000000000000000000000000110202402102024            000000000000000                              000                           
0010001300043T 0601897X0000000092096 24778822400003078   700000000000307830092024000000000123328756075860000003078                0900000000000010100000000000000000000000000000000000000   000000000000000000000000004        170192477882     
0010001300044U 060000000000025070000000000000000000000000000000000000000000000000000001258350000000001258350000000000000000000000000000000110202402102024            000000000000000                              000                           
0010001300045T 0601897X0000000092096 24778822400003466   700000000000346630092024000000000083254001033693000003466                0900000000000010040000000000000000000000000000000000000   000000000000000000000000034        170192477882     
0010001300046U 060000000000016920000000000000000000000000000000000000000000000000000000849460000000000849460000000000000000000000000000000110202402102024            000000000000000                              000                           
0010001300047T 0601897X0000000092096 24778822400003942   700000000000394230092024000000000059230341000500000003942                0900000000000010100000000000000000000000000000000000000   000000000000000000000000004        170192477882     
0010001300048U 060000000000012030000000000000000000000000000000000000000000000000000000604330000000000604330000000000000000000000000000000110202402102024            000000000000000                              000                           
0010001300049T 0601897X0000000092096 24778822400004079   700000000000407931102024000000000056163237023720000004079                0900000000000010100000000000000000000000000000000000000   000000000000000000000000004        170192477882     
0010001300050U 060000000000000000000000000000000000000000000000000000000000000000000000561630000000000561630000000000000000000000000000000110202402102024            000000000000000                              000                           
0010001300051T 0601897X0000000092096 24778822400004310   700000000000431001102024000000000047574341007310000004310                0900000000000010100000000000000000000000000000000000000   000000000000000000000000004        170192477882     
0010001300052U 060000000000000000000000000000000000000000000000000000000000000000000000475740000000000475740000000000000000000000000000000110202402102024            000000000000000                              000                           
0010001300053T 0601897X0000000092096 24778822400004342   700000000000434230092024000000000046110033000900000004342                0900000000000010100000000000000000000000000000000000000   000000000000000000000000004        170192477882     
0010001300054U 060000000000009370000000000000000000000000000000000000000000000000000000470470000000000470470000000000000000000000000000000110202402102024            000000000000000                              000                           
0010001300055T 0601897X0000000092096 24778822400004343   700000000000434331102024000000000046111033000900000004343                0900000000000010100000000000000000000000000000000000000   000000000000000000000000004        170192477882     
0010001300056U 060000000000000000000000000000000000000000000000000000000000000000000000461110000000000461110000000000000000000000000000000110202402102024            000000000000000                              000                           
0010001300057T 0601897X0000000092096 24778822400004370   700000000000437030092024000000000044353341054030000004370                0900000000000010100000000000000000000000000000000000000   000000000000000000000000004        170192477882     
0010001300058U 060000000000009010000000000000000000000000000000000000000000000000000000452540000000000452540000000000000000000000000000000110202402102024            000000000000000                              000                           
0010001300059T 0601897X0000000092096 24778822400004574   700000000000457430092024000000000039112237000010000004574                0900000000000010100000000000000000000000000000000000000   000000000000000000000000004        170192477882     
0010001300060U 060000000000007950000000000000000000000000000000000000000000000000000000399070000000000399070000000000000000000000000000000110202402102024            000000000000000                              000                           
0010001300061T 0601897X0000000092096 24778822400004575   700000000000457531102024000000000039112237000010000004575                0900000000000010100000000000000000000000000000000000000   000000000000000000000000004        170192477882     
0010001300062U 060000000000000000000000000000000000000000000000000000000000000000000000391120000000000391120000000000000000000000000000000110202402102024            000000000000000                              000                           
0010001300063T 0601897X0000000092096 24778822400004576   700000000000457629112024000000000039112237000010000004576                0900000000000010100000000000000000000000000000000000000   000000000000000000000000004        170192477882     
0010001300064U 060000000000000000000000000000000000000000000000000000000000000000000000391120000000000391120000000000000000000000000000000110202402102024            000000000000000                              000                           
0010001300065T 0601897X0000000092096 24778822400004577   700000000000457719122024000000000039112237000010000004577                0900000000000010100000000000000000000000000000000000000   000000000000000000000000004        170192477882     
0010001300066U 060000000000000000000000000000000000000000000000000000000000000000000000391120000000000391120000000000000000000000000000000110202402102024            000000000000000                              000                           
0010001300067T 0601897X0000000092096 24778822400004659   700000000000465931102024000000000036596341083970000004659                0900000000000010100000000000000000000000000000000000000   000000000000000000000000004        170192477882     
0010001300068U 060000000000000000000000000000000000000000000000000000000000000000000000365960000000000365960000000000000000000000000000000110202402102024            000000000000000                              000                           
0010001300069T 0601897X0000000092096 24778822400004670   700000000000467030092024000000000036595104049910000004670                0900000000000010100000000000000000000000000000000000000   000000000000000000000000004        170192477882     
0010001300070U 060000000000007430000000000000000000000000000000000000000000000000000000373380000000000373380000000000000000000000000000000110202402102024            000000000000000                              000                           
0010001300071T 0601897X0000000092096 24778822400004730   700000000000473030092024000000000036093341026330000004730                0900000000000010100000000000000000000000000000000000000   000000000000000000000000004        170192477882     
0010001300072U 060000000000007330000000000000000000000000000000000000000000000000000000368260000000000368260000000000000000000000000000000110202402102024            000000000000000                              000                           
0010001300073T 0601897X0000000092096 24778822400005414   700000000000541430092024000000000025024341085490000005414                0900000000000010100000000000000000000000000000000000000   000000000000000000000000004        170192477882     
0010001300074U 060000000000005080000000000000000000000000000000000000000000000000000000255320000000000255320000000000000000000000000000000110202402102024            000000000000000                              000                           
0010001300075T 0901897X0000000092096 24778822400002478   700000000000247804102024000000000309140001003409000002478                0900000000000000000000000000000000000000000000000000000   000000000000000000000037210        170192477882     
0010001300076U 090000000000000000000000000000000000000000000000000000000000000000000000000000000000000000000000000000000000000000000000000110202400000000            000000000000000                              000                           
0010001300077T 0901897X0000000092096 24778822400002479   700000000000247931102024000000000309140001003409000002479                0900000000000000000000000000000000000000000000000000000   000000000000000000000037210        170192477882     
0010001300078U 090000000000000000000000000000000000000000000000000000000000000000000000000000000000000000000000000000000000000000000000000110202400000000            000000000000000                              000                           
0010001300079T 0901897X0000000092096 24778822400002480   700000000000248029112024000000000309140001003409000002480                0900000000000000000000000000000000000000000000000000000   000000000000000000000037210        170192477882     
0010001300080U 090000000000000000000000000000000000000000000000000000000000000000000000000000000000000000000000000000000000000000000000000110202400000000            000000000000000                              000                           
0010001300081T 0901897X0000000092096 24778822400002481   700000000000248119122024000000000309140001003409000002481                0900000000000000000000000000000000000000000000000000000   000000000000000000000037210        170192477882     
0010001300082U 090000000000000000000000000000000000000000000000000000000000000000000000000000000000000000000000000000000000000000000000000110202400000000            000000000000000                              000                           
0010001300083T 0901897X0000000092096 24778829000008233   7000008233      31102024000000000052758001006998000008233                0900000000000000000000000000000000000000000000000000000   000000000000000000000037210        170192477882     
0010001300084U 090000000000000000000000000000000000000000000000000000000000000000000000000000000000000000000000000000000000000000000000000110202400000000            000000000000000                              000                           
0010001300085T 0901897X0000000092096 24778829000008234   7000008234      29112024000000000052758001006998000008234                0900000000000000000000000000000000000000000000000000000   000000000000000000000037210        170192477882     
0010001300086U 090000000000000000000000000000000000000000000000000000000000000000000000000000000000000000000000000000000000000000000000000110202400000000            000000000000000                              000                           
0010001300087T 0901897X0000000092096 24778829000008235   7000008235      19122024000000000052758001006998000008235                0900000000000000000000000000000000000000000000000000000   000000000000000000000037210        170192477882     
0010001300088U 090000000000000000000000000000000000000000000000000000000000000000000000000000000000000000000000000000000000000000000000000110202400000000            000000000000000                              000                           
0010001300089T 1401897X0000000092096 24778822400000004   70000000000000040410202400000000246809400101849X000000004                0900000000000000000000000000000000000000000000000000000   000000000000000000000000000        170192477882     
0010001300090U 140000000000000000000000000000000000000000000000000000000000000000000000000000000000000000000000000000000000000000000000000110202400000000            000000000000000                              000                           
0010001300091T 1401897X0000000092096 24778822400000055   700000000000005504102024000000000278129001004154000000055                0900000000000000000000000000000000000000000000000000000   000000000000000000000000000        170192477882     
0010001300092U 140000000000000000000000000000000000000000000000000000000000000000000000000000000000000000000000000000000000000000000000000110202400000000            000000000000000                              000                           
0010001300093T 1401897X0000000092096 24778822400000322   70000000000003220410202400000000003659600100216X000000322                0900000000000000000000000000000000000000000000000000000   000000000000000000000000000        170192477882     
0010001300094U 140000000000000000000000000000000000000000000000000000000000000000000000000000000000000000000000000000000000000000000000000110202400000000            000000000000000                              000                           
0010001300095T 1401897X0000000092096 24778822400000376   700000000000037604102024000000000034651001023248000000376                0900000000000000000000000000000000000000000000000000000   000000000000000000000000000        170192477882     
0010001300096U 140000000000000000000000000000000000000000000000000000000000000000000000000000000000000000000000000000000000000000000000000110202400000000            000000000000000                              000                           
0010001300097T 1401897X0000000092096 24778822400000420   700000000000042015102024000000000032065001000566000000420                0900000000000000000000000000000000000000000000000000000   000000000000000000000000000        170192477882     
0010001300098U 140000000000000000000000000000000000000000000000000000000000000000000000000000000000000000000000000000000000000000000000000110202400000000            000000000000000                              000                           
0010001300099T 1401897X0000000092096 24778822400000432   700000000000043204102024000000000031380001009296000000432                0900000000000000000000000000000000000000000000000000000   000000000000000000000000000        170192477882     
0010001300100U 140000000000000000000000000000000000000000000000000000000000000000000000000000000000000000000000000000000000000000000000000110202400000000            000000000000000                              000                           
0010001300101T 1401897X0000000092096 24778822400000564   700000000000056410102024000000000027632001023248000000564                0900000000000000000000000000000000000000000000000000000   000000000000000000000000000        170192477882     
0010001300102U 140000000000000000000000000000000000000000000000000000000000000000000000000000000000000000000000000000000000000000000000000110202400000000            000000000000000                              000                           
0010001300103T 1401897X0000000092096 24778822400000650   700000000000065007102024000000000024623001009946000000650                0900000000000000000000000000000000000000000000000000000   000000000000000000000000000        170192477882     
0010001300104U 140000000000000000000000000000000000000000000000000000000000000000000000000000000000000000000000000000000000000000000000000110202400000000            000000000000000                              000                           
0010001300105T 1401897X0000000092096 24778822400000771   700000000000077104102024000000000021198001008117000000771                0900000000000000000000000000000000000000000000000000000   000000000000000000000000000        170192477882     
0010001300106U 140000000000000000000000000000000000000000000000000000000000000000000000000000000000000000000000000000000000000000000000000110202400000000            000000000000000                              000                           
0010001300107T 1401897X0000000092096 24778822400001065   700000000000106504102024000000000029276001004154000001065                0900000000000000000000000000000000000000000000000000000   000000000000000000000000000        170192477882     
0010001300108U 140000000000000000000000000000000000000000000000000000000000000000000000000000000000000000000000000000000000000000000000000110202400000000            000000000000000                              000                           
0010001300109T 1401897X0000000092096 24778822400001195   700000000000119510102024000000000025617001009946000001195                0900000000000000000000000000000000000000000000000000000   000000000000000000000000000        170192477882     
0010001300110U 140000000000000000000000000000000000000000000000000000000000000000000000000000000000000000000000000000000000000000000000000110202400000000            000000000000000                              000                           
0010001300111T 1401897X0000000092096 24778822400001674   700000000000167410102024000000000024160001009946000001674                0900000000000000000000000000000000000000000000000000000   000000000000000000000000000        170192477882     
0010001300112U 140000000000000000000000000000000000000000000000000000000000000000000000000000000000000000000000000000000000000000000000000110202400000000            000000000000000                              000                           
0010001300113T 1401897X0000000092096 24778822400002838   700000000000283804102024000000000159277001007994000002838                0900000000000000000000000000000000000000000000000000000   000000000000000000000000000        170192477882     
0010001300114U 140000000000000000000000000000000000000000000000000000000000000000000000000000000000000000000000000000000000000000000000000110202400000000            000000000000000                              000                           
0010001300115T 1401897X0000000092096 24778822400003030   700000000000303004102024000000000128342001043036000003030                0900000000000000000000000000000000000000000000000000000   000000000000000000000000000        170192477882     
0010001300116U 140000000000000000000000000000000000000000000000000000000000000000000000000000000000000000000000000000000000000000000000000110202400000000            000000000000000                              000                           
0010001300117T 1401897X0000000092096 24778822400003754   700000000000375404102024000000000066418001004561000003754                0900000000000000000000000000000000000000000000000000000   000000000000000000000000000        170192477882     
0010001300118U 140000000000000000000000000000000000000000000000000000000000000000000000000000000000000000000000000000000000000000000000000110202400000000            000000000000000                              000                           
0010001300119T 1401897X0000000092096 24778822400004098   700000000000409802102024000000000055405001001678000004098                0900000000000000000000000000000000000000000000000000000   000000000000000000000000000        170192477882     
0010001300120U 140000000000000000000000000000000000000000000000000000000000000000000000000000000000000000000000000000000000000000000000000110202400000000            000000000000000                              000                           
0010001300121T 1401897X0000000092096 24778822400004638   700000000000463804102024000000000037211001000566000004638                0900000000000000000000000000000000000000000000000000000   000000000000000000000000000        170192477882     
0010001300122U 140000000000000000000000000000000000000000000000000000000000000000000000000000000000000000000000000000000000000000000000000110202400000000            000000000000000                              000                           
0010001300123T 1401897X0000000092096 24778822400005154   700000000000515404102024000000000029340001027669000005154                0900000000000000000000000000000000000000000000000000000   000000000000000000000000000        170192477882     
0010001300124U 140000000000000000000000000000000000000000000000000000000000000000000000000000000000000000000000000000000000000000000000000110202400000000            000000000000000                              000                           
0010001300125T 1401897X0000000092096 24778822400005222   700000000000522204102024000000000028306001007994000005222                0900000000000000000000000000000000000000000000000000000   000000000000000000000000000        170192477882     
0010001300126U 140000000000000000000000000000000000000000000000000000000000000000000000000000000000000000000000000000000000000000000000000110202400000000            000000000000000                              000                           
0010001300127T 1401897X0000000092096 24778822400005518   700000000000551804102024000000000023056001005789000005518                0900000000000000000000000000000000000000000000000000000   000000000000000000000000000        170192477882     
0010001300128U 140000000000000000000000000000000000000000000000000000000000000000000000000000000000000000000000000000000000000000000000000110202400000000            000000000000000                              000                           
0010001300129T 1401897X0000000092096 24778822400005794   700000000000579404102024000000000020829001004154000005794                0900000000000000000000000000000000000000000000000000000   000000000000000000000000000        170192477882     
0010001300130U 140000000000000000000000000000000000000000000000000000000000000000000000000000000000000000000000000000000000000000000000000110202400000000            000000000000000                              000                           
00100015         000132004345000000015853255840000000000000000000000000000000000000000000000000000000000000000000000000000000000000000000000000000                                                                                              
00199999         000001000134000000                                                                                                                                                            00000000000000000000000000000                    
