00100000         2115139610001160024778820014       01897X0000000092096 FUNDACAO AGENCIA DAS BACIAS HIBANCO DO BRASIL                         21908202402061100571303000000829973081PROCESSAMEN                                                 
00100011T0100020 20115139610001160024778820014       01897X0000000092096 FUNDACAO AGENCIA DAS BACIAS HI                                                                                000000001908202400000000  000000000                      
0010001300001T 0201897X0000000092096 24778829000008156   7000008156      30082024000000000048433001003409000008156                0900000000000010500000000000000000000000000000000000000   0000000000000000000000496A9A4      170192477882     
0010001300002U 020000000000000000000000000000000000000000000000000000000000000000000000000000000000000000000000000000000000000000000000001908202400000000            000000000000000                              000                           
0010001300003T 0201897X0000000092096 24778829000008157   7000008157      30082024000000000050083001006998000008157                0900000000000010500000000000000000000000000000000000000   0000000000000000000000496A9A4      170192477882     
0010001300004U 020000000000000000000000000000000000000000000000000000000000000000000000000000000000000000000000000000000000000000000000001908202400000000            000000000000000                              000                           
0010001300005T 0201897X0000000092096 24778829000008158   7000008158      30082024000000000050699001008117000008158                0900000000000010000000000000000000000000000000000000000   0000000000000000000000496A9        170192477882     
0010001300006U 020000000000000000000000000000000000000000000000000000000000000000000000000000000000000000000000000000000000000000000000001908202400000000            000000000000000                              000                           
0010001300007T 0201897X0000000092096 24778829000008159   7000008159      30092024000000000050809001001678000008159                0900000000000010000000000000000000000000000000000000000   0000000000000000000000496A9        170192477882     
0010001300008U 020000000000000000000000000000000000000000000000000000000000000000000000000000000000000000000000000000000000000000000000001908202400000000            000000000000000                              000                           
0010001300009T 0201897X0000000092096 24778829000008160   7000008160      3008202400000000004242600101849X000008160                0900000000000010500000000000000000000000000000000000000   0000000000000000000000496A9A4      170192477882     
0010001300010U 020000000000000000000000000000000000000000000000000000000000000000000000000000000000000000000000000000000000000000000000001908202400000000            000000000000000                              000                           
0010001300011T 0201897X0000000092096 24778829000008161   7000008161      30082024000000000116523001003190000008161                0900000000000010500000000000000000000000000000000000000   0000000000000000000000496A9A4      170192477882     
0010001300012U 020000000000000000000000000000000000000000000000000000000000000000000000000000000000000000000000000000000000000000000000001908202400000000            000000000000000                              000                           
0010001300013T 0601897X0000000092096 24778829000008151   7000008151      30082024000000000064029341015630000008151                0900000000000010100000000000000000000000000000000000000   000000000000000000000000004        170192477882     
0010001300014U 060000000000000000000000000000000000000000000000000000000000000000000000640290000000000640290000000000000000000000000000001908202420082024            000000000000000                              000                           
00100015         000016000070000000000585602200000000000000000000000000000000000000000000000000000000000000000000000000000000000000000000000000000                                                                                              
00199999         000001000018000000                                                                                                                                                            00000000000000000000000000000                    
