00100000         2115139610001160024778820014       01897X0000000092096 FUNDACAO AGENCIA DAS BACIAS HIBANCO DO BRASIL                         22608202401521500572303000000829973081PROCESSAMEN                                                 
00100011T0100020 20115139610001160024778820014       01897X0000000092096 FUNDACAO AGENCIA DAS BACIAS HI                                                                                000000002608202400000000  000000000                      
0010001300001T 0201897X0000000092096 24778829000008172   7000008172      30092024000000000028275001004561000008172                0900000000000010500000000000000000000000000000000000000   0000000000000000000000496A9A4      170192477882     
0010001300002U 020000000000000000000000000000000000000000000000000000000000000000000000000000000000000000000000000000000000000000000000002608202400000000            000000000000000                              000                           
0010001300003T 0601897X0000000092096 24778829000008061   7000008061      30082024000000000062022341001620000008061                0900000000000010100000000000000000000000000000000000000   000000000000000000000000004        170192477882     
0010001300004U 060000000000000000000000000000000000000000000000000000000000000000000000620220000000000620220000000000000000000000000000002608202427082024            000000000000000                              000                           
00100015         000006000078000000000588534810000000000000000000000000000000000000000000000000000000000000000000000000000000000000000000000000000                                                                                              
00199999         000001000008000000                                                                                                                                                            00000000000000000000000000000                    
