00100000         2115139610001160024778820014       01897X0000000092096 FUNDACAO AGENCIA DAS BACIAS HIBANCO DO BRASIL                         22910202401471300581503000000829973081PROCESSAMEN                                                 
00100011T0100020 20115139610001160024778820014       01897X0000000092096 FUNDACAO AGENCIA DAS BACIAS HI                                                                                000000002910202400000000  000000000                      
0010001300001T 0201897X0000000092096 24778829000008331   7000008331      31102024000000000128387001016675000008331                0900000000000010000000000000000000000000000000000000000   0000000000000000000000496A9        170192477882     
0010001300002U 020000000000000000000000000000000000000000000000000000000000000000000000000000000000000000000000000000000000000000000000002910202400000000            000000000000000                              000                           
0010001300003T 0201897X0000000092096 24778829000008332   7000008332      29112024000000000128386001016675000008332                0900000000000010000000000000000000000000000000000000000   0000000000000000000000496A9        170192477882     
0010001300004U 020000000000000000000000000000000000000000000000000000000000000000000000000000000000000000000000000000000000000000000000002910202400000000            000000000000000                              000                           
0010001300005T 0201897X0000000092096 24778829000008333   7000008333      19122024000000000128386001016675000008333                0900000000000010000000000000000000000000000000000000000   0000000000000000000000496A9        170192477882     
0010001300006U 020000000000000000000000000000000000000000000000000000000000000000000000000000000000000000000000000000000000000000000000002910202400000000            000000000000000                              000                           
0010001300007T 0201897X0000000092096 24778829000008334   7000008334      31102024000000000322917001014753000008334                0900000000000010000000000000000000000000000000000000000   0000000000000000000000496A9        170192477882     
0010001300008U 020000000000000000000000000000000000000000000000000000000000000000000000000000000000000000000000000000000000000000000000002910202400000000            000000000000000                              000                           
0010001300009T 0201897X0000000092096 24778829000008335   7000008335      31102024000000000141153001001724000008335                0900000000000010000000000000000000000000000000000000000   0000000000000000000000496A9        170192477882     
0010001300010U 020000000000000000000000000000000000000000000000000000000000000000000000000000000000000000000000000000000000000000000000002910202400000000            000000000000000                              000                           
0010001300011T 0201897X0000000092096 24778829000008336   7000008336      29112024000000000141153001001724000008336                0900000000000010000000000000000000000000000000000000000   0000000000000000000000496A9        170192477882     
0010001300012U 020000000000000000000000000000000000000000000000000000000000000000000000000000000000000000000000000000000000000000000000002910202400000000            000000000000000                              000                           
0010001300013T 0201897X0000000092096 24778829000008337   7000008337      31122024000000000141153001001724000008337                0900000000000010000000000000000000000000000000000000000   0000000000000000000000496A9        170192477882     
0010001300014U 020000000000000000000000000000000000000000000000000000000000000000000000000000000000000000000000000000000000000000000000002910202400000000            000000000000000                              000                           
0010001300015T 0201897X0000000092096 24778829000008338   7000008338      31012025000000000141153001001724000008338                0900000000000010000000000000000000000000000000000000000   0000000000000000000000496A9        170192477882     
0010001300016U 020000000000000000000000000000000000000000000000000000000000000000000000000000000000000000000000000000000000000000000000002910202400000000            000000000000000                              000                           
0010001300017T 0201897X0000000092096 24778829000008339   7000008339      28022025000000000141153001001724000008339                0900000000000010000000000000000000000000000000000000000   0000000000000000000000496A9        170192477882     
0010001300018U 020000000000000000000000000000000000000000000000000000000000000000000000000000000000000000000000000000000000000000000000002910202400000000            000000000000000                              000                           
0010001300019T 0201897X0000000092096 24778829000008340   7000008340      31032025000000000141153001001724000008340                0900000000000010000000000000000000000000000000000000000   0000000000000000000000496A9        170192477882     
0010001300020U 020000000000000000000000000000000000000000000000000000000000000000000000000000000000000000000000000000000000000000000000002910202400000000            000000000000000                              000                           
0010001300021T 0201897X0000000092096 24778829000008341   7000008341      30042025000000000141153001001724000008341                0900000000000010000000000000000000000000000000000000000   0000000000000000000000496A9        170192477882     
0010001300022U 020000000000000000000000000000000000000000000000000000000000000000000000000000000000000000000000000000000000000000000000002910202400000000            000000000000000                              000                           
0010001300023T 0201897X0000000092096 24778829000008342   7000008342      30052025000000000141153001001724000008342                0900000000000010000000000000000000000000000000000000000   0000000000000000000000496A9        170192477882     
0010001300024U 020000000000000000000000000000000000000000000000000000000000000000000000000000000000000000000000000000000000000000000000002910202400000000            000000000000000                              000                           
0010001300025T 0201897X0000000092096 24778829000008343   7000008343      30062025000000000141153001001724000008343                0900000000000010000000000000000000000000000000000000000   0000000000000000000000496A9        170192477882     
0010001300026U 020000000000000000000000000000000000000000000000000000000000000000000000000000000000000000000000000000000000000000000000002910202400000000            000000000000000                              000                           
0010001300027T 0201897X0000000092096 24778829000008344   7000008344      31072025000000000141153001001724000008344                0900000000000010000000000000000000000000000000000000000   0000000000000000000000496A9        170192477882     
0010001300028U 020000000000000000000000000000000000000000000000000000000000000000000000000000000000000000000000000000000000000000000000002910202400000000            000000000000000                              000                           
0010001300029T 0201897X0000000092096 24778829000008345   7000008345      29082025000000000141153001001724000008345                0900000000000010000000000000000000000000000000000000000   0000000000000000000000496A9        170192477882     
0010001300030U 020000000000000000000000000000000000000000000000000000000000000000000000000000000000000000000000000000000000000000000000002910202400000000            000000000000000                              000                           
0010001300031T 0201897X0000000092096 24778829000008346   7000008346      30092025000000000141153001001724000008346                0900000000000010000000000000000000000000000000000000000   0000000000000000000000496A9        170192477882     
0010001300032U 020000000000000000000000000000000000000000000000000000000000000000000000000000000000000000000000000000000000000000000000002910202400000000            000000000000000                              000                           
0010001300033T 0201897X0000000092096 24778829000008347   7000008347      31102024000000000037979001004154000008347                0900000000000010500000000000000000000000000000000000000   0000000000000000000000496A9A4      170192477882     
0010001300034U 020000000000000000000000000000000000000000000000000000000000000000000000000000000000000000000000000000000000000000000000002910202400000000            000000000000000                              000                           
0010001300035T 0601897X0000000092096 24778822400001238   700000000000123831102024000000000024725033000740000001238                0900000000000010100000000000000000000000000000000000000   000000000000000000000000004        170192477882     
0010001300036U 060000000000000000000000000000000000000000000000000000000000000000000000247250000000000247250000000000000000000000000000002910202430102024            000000000000000                              000                           
0010001300037T 0601897X0000000092096 24778822400001422   700000000000142231102024000000000021516237001500000001422                0900000000000010100000000000000000000000000000000000000   000000000000000000000000004        170192477882     
0010001300038U 060000000000000000000000000000000000000000000000000000000000000000000000215160000000000215160000000000000000000000000000002910202430102024            000000000000000                              000                           
0010001300039T 0601897X0000000092096 24778822400001472   700000000000147231102024000000000020568237003160000001472                0900000000000010100000000000000000000000000000000000000   000000000000000000000000004        170192477882     
0010001300040U 060000000000000000000000000000000000000000000000000000000000000000000000205680000000000205680000000000000000000000000000002910202430102024            000000000000000                              000                           
0010001300041T 0601897X0000000092096 24778822400001486   700000000000148631102024000000000020388341018280000001486                0900000000000010100000000000000000000000000000000000000   000000000000000000000000004        170192477882     
0010001300042U 060000000000000000000000000000000000000000000000000000000000000000000000203880000000000203880000000000000000000000000000002910202430102024            000000000000000                              000                           
0010001300043T 0601897X0000000092096 24778822400001522   700000000000152231102024000000000026349001048550000001522                0900000000000010010000000000000000000000000000000000000   000000000000000000000000032        170192477882     
0010001300044U 060000000000000000000000000000000000000000000000000000000000000000000000263490000000000263490000000000000000000000000000002910202430102024            000000000000000                              000                           
0010001300045T 0601897X0000000092096 24778822400001747   700000000000174731102024000000000023368748053590000001747                0900000000000010100000000000000000000000000000000000000   000000000000000000000000004        170192477882     
0010001300046U 060000000000000000000000000000000000000000000000000000000000000000000000233680000000000233680000000000000000000000000000002910202430102024            000000000000000                              000                           
0010001300047T 0601897X0000000092096 24778822400001786   700000000000178631102024000000000023031033042040000001786                0900000000000010100000000000000000000000000000000000000   000000000000000000000000004        170192477882     
0010001300048U 060000000000000000000000000000000000000000000000000000000000000000000000230310000000000230310000000000000000000000000000002910202430102024            000000000000000                              000                           
0010001300049T 0601897X0000000092096 24778822400001837   700000000000183731102024000000000021980341007960000001837                0900000000000010100000000000000000000000000000000000000   000000000000000000000000004        170192477882     
0010001300050U 060000000000000000000000000000000000000000000000000000000000000000000000219800000000000219800000000000000000000000000000002910202430102024            000000000000000                              000                           
0010001300051T 0601897X0000000092096 24778822400001867   700000000000186731102024000000000021932033003430000001867                0900000000000010100000000000000000000000000000000000000   000000000000000000000000004        170192477882     
0010001300052U 060000000000000000000000000000000000000000000000000000000000000000000000219320000000000219320000000000000000000000000000002910202430102024            000000000000000                              000                           
0010001300053T 0601897X0000000092096 24778822400001879   700000000000187931102024000000000021751509000010000001879                0900000000000010100000000000000000000000000000000000000   000000000000000000000000004        170192477882     
0010001300054U 060000000000000000000000000000000000000000000000000000000000000000000000217510000000000217510000000000000000000000000000002910202430102024            000000000000000                              000                           
0010001300055T 0601897X0000000092096 24778822400001912   700000000000191231102024000000000021226341015360000001912                0900000000000010100000000000000000000000000000000000000   000000000000000000000000004        170192477882     
0010001300056U 060000000000000000000000000000000000000000000000000000000000000000000000212260000000000212260000000000000000000000000000002910202430102024            000000000000000                              000                           
0010001300057T 0601897X0000000092096 24778822400001915   700000000000191531102024000000000021196033032480000001915                0900000000000010100000000000000000000000000000000000000   000000000000000000000000004        170192477882     
0010001300058U 060000000000000000000000000000000000000000000000000000000000000000000000211960000000000211960000000000000000000000000000002910202430102024            000000000000000                              000                           
0010001300059T 0601897X0000000092096 24778822400001963   700000000000196331102024000000000020243001051268000001963                0900000000000010080000000000000000000000000000000000000   000000000000000000000000003        170192477882     
0010001300060U 060000000000000000000000000000000000000000000000000000000000000000000000202430000000000202430000000000000000000000000000002910202430102024            000000000000000                              000                           
0010001300061T 0601897X0000000092096 24778822400002199   700000000000219931102024000000000919286237007090000002199                0900000000000010100000000000000000000000000000000000000   000000000000000000000000004        170192477882     
0010001300062U 060000000000000000000000000000000000000000000000000000000000000000000009192860000000009192860000000000000000000000000000002910202430102024            000000000000000                              000                           
0010001300063T 0601897X0000000092096 24778822400002251   700000000000225131102024000000000606719341000540000002251                0900000000000010100000000000000000000000000000000000000   000000000000000000000000004        170192477882     
0010001300064U 060000000000000000000000000000000000000000000000000000000000000000000006067190000000006067190000000000000000000000000000002910202430102024            000000000000000                              000                           
0010001300065T 0601897X0000000092096 24778822400002455   700000000000245531102024000000000323507341005600000002455                0900000000000010100000000000000000000000000000000000000   000000000000000000000000004        170192477882     
0010001300066U 060000000000000000000000000000000000000000000000000000000000000000000003235070000000003235070000000000000000000000000000002910202430102024            000000000000000                              000                           
0010001300067T 0601897X0000000092096 24778822400002675   700000000000267531102024000000000205848033000100000002675                0900000000000010100000000000000000000000000000000000000   000000000000000000000000004        170192477882     
0010001300068U 060000000000000000000000000000000000000000000000000000000000000000000002058480000000002058480000000000000000000000000000002910202430102024            000000000000000                              000                           
0010001300069T 0601897X0000000092096 24778822400002755   700000000000275531102024000000000181223341048360000002755                0900000000000010100000000000000000000000000000000000000   000000000000000000000000004        170192477882     
0010001300070U 060000000000000000000000000000000000000000000000000000000000000000000001812230000000001812230000000000000000000000000000002910202430102024            000000000000000                              000                           
0010001300071T 0601897X0000000092096 24778822400002991   700000000000299131102024000000000131744341006660000002991                0900000000000010100000000000000000000000000000000000000   000000000000000000000000004        170192477882     
0010001300072U 060000000000000000000000000000000000000000000000000000000000000000000001317440000000001317440000000000000000000000000000002910202430102024            000000000000000                              000                           
0010001300073T 0601897X0000000092096 24778822400003099   70000000000030993110202400000000011947200104203X000003099                0900000000000010040000000000000000000000000000000000000   000000000000000000000000034        170192477882     
0010001300074U 060000000000000000000000000000000000000000000000000000000000000000000001194720000000001194720000000000000000000000000000002910202430102024            000000000000000                              000                           
0010001300075T 0601897X0000000092096 24778822400003151   700000000000315131102024000000000112534341000280000003151                0900000000000010100000000000000000000000000000000000000   000000000000000000000000004        170192477882     
0010001300076U 060000000000000000000000000000000000000000000000000000000000000000000001125340000000001125340000000000000000000000000000002910202430102024            000000000000000                              000                           
0010001300077T 0601897X0000000092096 24778822400003195   700000000000319531102024000000000110629341032630000003195                0900000000000010100000000000000000000000000000000000000   000000000000000000000000004        170192477882     
0010001300078U 060000000000000000000000000000000000000000000000000000000000000000000001106290000000001106290000000000000000000000000000002910202430102024            000000000000000                              000                           
0010001300079T 0601897X0000000092096 24778822400003243   700000000000324331102024000000000106860104003150000003243                0900000000000010100000000000000000000000000000000000000   000000000000000000000000004        170192477882     
0010001300080U 060000000000000000000000000000000000000000000000000000000000000000000001068600000000001068600000000000000000000000000000002910202430102024            000000000000000                              000                           
0010001300081T 0601897X0000000092096 24778822400003498   700000000000349830092024000000000080239237031510000003498                0900000000000010100000000000000000000000000000000000000   000000000000000000000000004        170192477882     
0010001300082U 060000000000023780000000000000000000000000000000000000000000000000000000826180000000000826180000000000000000000000000000012910202430102024            000000000000000                              000                           
0010001300083T 0601897X0000000092096 24778822400003519   700000000000351931102024000000000079294341064580000003519                0900000000000010100000000000000000000000000000000000000   000000000000000000000000004        170192477882     
0010001300084U 060000000000000000000000000000000000000000000000000000000000000000000000792940000000000792940000000000000000000000000000002910202430102024            000000000000000                              000                           
0010001300085T 0601897X0000000092096 24778822400003615   700000000000361531102024000000000073192237013400000003615                0900000000000010100000000000000000000000000000000000000   000000000000000000000000004        170192477882     
0010001300086U 060000000000000000000000000000000000000000000000000000000000000000000000731920000000000731920000000000000000000000000000002910202430102024            000000000000000                              000                           
0010001300087T 0601897X0000000092096 24778822400003847   700000000000384731102024000000000063879001030813000003847                0900000000000010090000000000000000000000000000000000000   000000000000000000000000006        170192477882     
0010001300088U 060000000000000000000000000000000000000000000000000000000000000000000000638790000000000638790000000000000000000000000000002910202430102024            000000000000000                              000                           
0010001300089T 0601897X0000000092096 24778822400003875   700000000000387531102024000000000062567341080460000003875                0900000000000010100000000000000000000000000000000000000   000000000000000000000000004        170192477882     
0010001300090U 060000000000000000000000000000000000000000000000000000000000000000000000625670000000000625670000000000000000000000000000002910202430102024            000000000000000                              000                           
0010001300091T 0601897X0000000092096 24778822400003927   700000000000392731102024000000000059615341000550000003927                0900000000000010100000000000000000000000000000000000000   000000000000000000000000004        170192477882     
0010001300092U 060000000000000000000000000000000000000000000000000000000000000000000000596150000000000596150000000000000000000000000000002910202430102024            000000000000000                              000                           
0010001300093T 0601897X0000000092096 24778822400004007   700000000000400731102024000000000057989001065072000004007                0900000000000010040000000000000000000000000000000000000   000000000000000000000000034        170192477882     
0010001300094U 060000000000000000000000000000000000000000000000000000000000000000000000579890000000000579890000000000000000000000000000002910202430102024            000000000000000                              000                           
0010001300095T 0601897X0000000092096 24778822400004107   700000000000410731102024000000000054894237002140000004107                0900000000000010100000000000000000000000000000000000000   000000000000000000000000004        170192477882     
0010001300096U 060000000000000000000000000000000000000000000000000000000000000000000000548940000000000548940000000000000000000000000000002910202430102024            000000000000000                              000                           
0010001300097T 0601897X0000000092096 24778822400004151   700000000000415131102024000000000053589033044280000004151                0900000000000010100000000000000000000000000000000000000   000000000000000000000000004        170192477882     
0010001300098U 060000000000000000000000000000000000000000000000000000000000000000000000535890000000000535890000000000000000000000000000002910202430102024            000000000000000                              000                           
0010001300099T 0601897X0000000092096 24778822400004155   700000000000415531102024000000000053539341000280000004155                0900000000000010100000000000000000000000000000000000000   000000000000000000000000004        170192477882     
0010001300100U 060000000000000000000000000000000000000000000000000000000000000000000000535390000000000535390000000000000000000000000000002910202430102024            000000000000000                              000                           
0010001300101T 0601897X0000000092096 24778822400004163   700000000000416331102024000000000053064509000010000004163                0900000000000010100000000000000000000000000000000000000   000000000000000000000000004        170192477882     
0010001300102U 060000000000000000000000000000000000000000000000000000000000000000000000530640000000000530640000000000000000000000000000002910202430102024            000000000000000                              000                           
0010001300103T 0601897X0000000092096 24778822400004164   700000000000416429112024000000000053064509000010000004164                0900000000000010100000000000000000000000000000000000000   000000000000000000000000004        170192477882     
0010001300104U 060000000000000000000000000000000000000000000000000000000000000000000000530640000000000530640000000000000000000000000000002910202430102024            000000000000000                              000                           
0010001300105T 0601897X0000000092096 24778822400004165   700000000000416519122024000000000053064509000010000004165                0900000000000010100000000000000000000000000000000000000   000000000000000000000000004        170192477882     
0010001300106U 060000000000000000000000000000000000000000000000000000000000000000000000530640000000000530640000000000000000000000000000002910202430102024            000000000000000                              000                           
0010001300107T 0601897X0000000092096 24778822400004223   700000000000422331102024000000000051234509000010000004223                0900000000000010100000000000000000000000000000000000000   000000000000000000000000004        170192477882     
0010001300108U 060000000000000000000000000000000000000000000000000000000000000000000000512340000000000512340000000000000000000000000000002910202430102024            000000000000000                              000                           
0010001300109T 0601897X0000000092096 24778822400005000   700000000000500029112024000000000032061341056640000005000                0900000000000010100000000000000000000000000000000000000   000000000000000000000000004        170192477882     
0010001300110U 060000000000000000000000000000000000000000000000000000000000000000000000320610000000000320610000000000000000000000000000002910202430102024            000000000000000                              000                           
0010001300111T 0601897X0000000092096 24778822400005095   700000000000509531102024000000000030329756077970000005095                0900000000000010100000000000000000000000000000000000000   000000000000000000000000004        170192477882     
0010001300112U 060000000000000000000000000000000000000000000000000000000000000000000000303290000000000303290000000000000000000000000000002910202430102024            000000000000000                              000                           
0010001300113T 0601897X0000000092096 24778822400005356   700000000000535629112024000000000025617033000100000005356                0900000000000010100000000000000000000000000000000000000   000000000000000000000000004        170192477882     
0010001300114U 060000000000000000000000000000000000000000000000000000000000000000000000256170000000000256170000000000000000000000000000002910202430102024            000000000000000                              000                           
0010001300115T 0601897X0000000092096 24778822400005527   700000000000552731102024000000000023055237001870000005527                0900000000000010100000000000000000000000000000000000000   000000000000000000000000004        170192477882     
0010001300116U 060000000000000000000000000000000000000000000000000000000000000000000000230550000000000230550000000000000000000000000000002910202430102024            000000000000000                              000                           
0010001300117T 0601897X0000000092096 24778822400005535   700000000000553531102024000000000022945237005200000005535                0900000000000010100000000000000000000000000000000000000   000000000000000000000000004        170192477882     
0010001300118U 060000000000000000000000000000000000000000000000000000000000000000000000229450000000000229450000000000000000000000000000002910202430102024            000000000000000                              000                           
0010001300119T 0601897X0000000092096 24778822400005843   700000000000584331102024000000000020252033000900000005843                0900000000000010100000000000000000000000000000000000000   000000000000000000000000004        170192477882     
0010001300120U 060000000000000000000000000000000000000000000000000000000000000000000000202520000000000202520000000000000000000000000000002910202430102024            000000000000000                              000                           
0010001300121T 0601897X0000000092096 24778829000008228   7000008228      31102024000000000334849748053590000008228                0900000000000010100000000000000000000000000000000000000   000000000000000000000000004        170192477882     
0010001300122U 060000000000000000000000000000000000000000000000000000000000000000000003348490000000003348490000000000000000000000000000002910202430102024            000000000000000                              000                           
0010001300123T 0601897X0000000092096 24778829000008274   7000008274      31102024000000000059035104002750000008274                0900000000000010100000000000000000000000000000000000000   000000000000000000000000004        170192477882     
0010001300124U 060000000000000000000000000000000000000000000000000000000000000000000000590350000000000590350000000000000000000000000000002910202430102024            000000000000000                              000                           
0010001300125T 0901897X0000000092096 24778822400003010   700000000000301030092024000000000130852001016675000003010                0900000000000000000000000000000000000000000000000000000   000000000000000000000037210        170192477882     
0010001300126U 090000000000000000000000000000000000000000000000000000000000000000000000000000000000000000000000000000000000000000000000002910202400000000            000000000000000                              000                           
0010001300127T 0901897X0000000092096 24778822400003011   700000000000301131102024000000000130852001016675000003011                0900000000000000000000000000000000000000000000000000000   000000000000000000000037210        170192477882     
0010001300128U 090000000000000000000000000000000000000000000000000000000000000000000000000000000000000000000000000000000000000000000000002910202400000000            000000000000000                              000                           
0010001300129T 0901897X0000000092096 24778822400003012   700000000000301229112024000000000130852001016675000003012                0900000000000000000000000000000000000000000000000000000   000000000000000000000037210        170192477882     
0010001300130U 090000000000000000000000000000000000000000000000000000000000000000000000000000000000000000000000000000000000000000000000002910202400000000            000000000000000                              000                           
0010001300131T 0901897X0000000092096 24778822400003013   700000000000301319122024000000000130852001016675000003013                0900000000000000000000000000000000000000000000000000000   000000000000000000000037210        170192477882     
0010001300132U 090000000000000000000000000000000000000000000000000000000000000000000000000000000000000000000000000000000000000000000000002910202400000000            000000000000000                              000                           
00100015         000134003956000000014770508430000000000000000000000000000000000000000000000000000000000000000000000000000000000000000000000000000                                                                                              
00199999         000001000136000000                                                                                                                                                            00000000000000000000000000000                    
