00100000         2115139610001160024778820014       01897X0000000092096 FUNDACAO AGENCIA DAS BACIAS HIBANCO DO BRASIL                         22111202402050400584503000000829973081PROCESSAMEN                                                 
00100011T0100020 20115139610001160024778820014       01897X0000000092096 FUNDACAO AGENCIA DAS BACIAS HI                                                                                000000002111202400000000  000000000                      
0010001300001T 0601897X0000000092096 24778822400001580   700000000000158029112024000000000025063237002150000001580                0900000000000010100000000000000000000000000000000000000   000000000000000000000000004        170192477882     
0010001300002U 060000000000000000000000000000000000000000000000000000000000000000000000250630000000000250630000000000000000000000000000002111202422112024            000000000000000                              000                           
0010001300003T 0601897X0000000092096 24778822400002020   700000000000202029112024000000009945207104002980000002020                0900000000000010100000000000000000000000000000000000000   000000000000000000000000004        170192477882     
0010001300004U 060000000000000000000000000000000000000000000000000000000000000000000099452070000000099452070000000000000000000000000000002111202422112024            000000000000000                              000                           
0010001300005T 0601897X0000000092096 24778822400002128   700000000000212829112024000000001860980104030800000002128                0900000000000010100000000000000000000000000000000000000   000000000000000000000000004        170192477882     
0010001300006U 060000000000000000000000000000000000000000000000000000000000000000000018609800000000018609800000000000000000000000000000002111202422112024            000000000000000                              000                           
0010001300007T 0601897X0000000092096 24778822400002816   700000000000281629112024000000000163084755013060000002816                0900000000000010100000000000000000000000000000000000000   000000000000000000000000004        170192477882     
0010001300008U 060000000000000000000000000000000000000000000000000000000000000000000001630840000000001630840000000000000000000000000000002111202422112024            000000000000000                              000                           
0010001300009T 0601897X0000000092096 24778822400002924   700000000000292429112024000000000145130341000300000002924                0900000000000010100000000000000000000000000000000000000   000000000000000000000000004        170192477882     
0010001300010U 060000000000000000000000000000000000000000000000000000000000000000000001451300000000001451300000000000000000000000000000002111202422112024            000000000000000                              000                           
0010001300011T 0601897X0000000092096 24778822400002980   700000000000298029112024000000000131913341001360000002980                0900000000000010100000000000000000000000000000000000000   000000000000000000000000004        170192477882     
0010001300012U 060000000000000000000000000000000000000000000000000000000000000000000001319130000000001319130000000000000000000000000000002111202422112024            000000000000000                              000                           
0010001300013T 0601897X0000000092096 24778822400003612   700000000000361229112024000000000073192033000900000003612                0900000000000010100000000000000000000000000000000000000   000000000000000000000000004        170192477882     
0010001300014U 060000000000000000000000000000000000000000000000000000000000000000000000731920000000000731920000000000000000000000000000002111202422112024            000000000000000                              000                           
0010001300015T 0601897X0000000092096 24778822400003936   700000000000393629112024000000000059285341006700000003936                0900000000000010100000000000000000000000000000000000000   000000000000000000000000004        170192477882     
0010001300016U 060000000000000000000000000000000000000000000000000000000000000000000000592850000000000592850000000000000000000000000000002111202422112024            000000000000000                              000                           
0010001300017T 0601897X0000000092096 24778822400004424   700000000000442429112024000000000043850033000900000004424                0900000000000010100000000000000000000000000000000000000   000000000000000000000000004        170192477882     
0010001300018U 060000000000000000000000000000000000000000000000000000000000000000000000438500000000000438500000000000000000000000000000002111202422112024            000000000000000                              000                           
0010001300019T 0601897X0000000092096 24778822400004436   700000000000443629112024000000000043510033001940000004436                0900000000000010100000000000000000000000000000000000000   000000000000000000000000004        170192477882     
0010001300020U 060000000000000000000000000000000000000000000000000000000000000000000000435100000000000435100000000000000000000000000000002111202422112024            000000000000000                              000                           
0010001300021T 0601897X0000000092096 24778822400004437   700000000000443719122024000000000043510033001940000004437                0900000000000010100000000000000000000000000000000000000   000000000000000000000000004        170192477882     
0010001300022U 060000000000000000000000000000000000000000000000000000000000000000000000435100000000000435100000000000000000000000000000002111202422112024            000000000000000                              000                           
0010001300023T 0601897X0000000092096 24778822400004680   700000000000468029112024000000000036596341083610000004680                0900000000000010100000000000000000000000000000000000000   000000000000000000000000004        170192477882     
0010001300024U 060000000000000000000000000000000000000000000000000000000000000000000000365960000000000365960000000000000000000000000000002111202422112024            000000000000000                              000                           
0010001300025T 0601897X0000000092096 24778822400005272   700000000000527229112024000000000027354341015630000005272                0900000000000010100000000000000000000000000000000000000   000000000000000000000000004        170192477882     
0010001300026U 060000000000000000000000000000000000000000000000000000000000000000000000273540000000000273540000000000000000000000000000002111202422112024            000000000000000                              000                           
0010001300027T 0601897X0000000092096 24778822400005464   700000000000546429112024000000000023863237005200000005464                0900000000000010100000000000000000000000000000000000000   000000000000000000000000004        170192477882     
0010001300028U 060000000000000000000000000000000000000000000000000000000000000000000000238630000000000238630000000000000000000000000000002111202422112024            000000000000000                              000                           
0010001300029T 0601897X0000000092096 24778822400005736   700000000000573629112024000000000021399237002150000005736                0900000000000010100000000000000000000000000000000000000   000000000000000000000000004        170192477882     
0010001300030U 060000000000000000000000000000000000000000000000000000000000000000000000213990000000000213990000000000000000000000000000002111202422112024            000000000000000                              000                           
0010001300031T 0601897X0000000092096 24778829000008329   7000008329      29112024000000000252451341001960000008329                0900000000000010100000000000000000000000000000000000000   000000000000000000000000004        170192477882     
0010001300032U 060000000000000000000000000000000000000000000000000000000000000000000002524510000000002524510000000000000000000000000000002111202422112024            000000000000000                              000                           
0010001300033T 0601897X0000000092096 24778829000008361   7000008361      29112024000000000046678104042260000008361                0900000000000010100000000000000000000000000000000000000   000000000000000000000000004        170192477882     
0010001300034U 060000000000000000000000000000000000000000000000000000000000000000000000466780000000000466780000000000000000000000000000002111202422112024            000000000000000                              000                           
0010001300035T 0601897X0000000092096 24778829000008389   7000008389      29112024000000000300522341000300000008389                0900000000000010100000000000000000000000000000000000000   000000000000000000000000004        170192477882     
0010001300036U 060000000000000000000000000000000000000000000000000000000000000000000003005220000000003005220000000000000000000000000000002111202422112024            000000000000000                              000                           
0010001300037T 0601897X0000000092096 24778829000008403   7000008403      29112024000000000117281341040090000008403                0900000000000010100000000000000000000000000000000000000   000000000000000000000000004        170192477882     
0010001300038U 060000000000000000000000000000000000000000000000000000000000000000000001172810000000001172810000000000000000000000000000002111202422112024            000000000000000                              000                           
00100015         000040002410000000009750970730000000000000000000000000000000000000000000000000000000000000000000000000000000000000000000000000000                                                                                              
00199999         000001000042000000                                                                                                                                                            00000000000000000000000000000                    
