00100000         2115139610001160024778820014       01897X0000000092096 FUNDACAO AGENCIA DAS BACIAS HIBANCO DO BRASIL                         22808202402384300572703000000829973081PROCESSAMEN                                                 
00100011T0100020 20115139610001160024778820014       01897X0000000092096 FUNDACAO AGENCIA DAS BACIAS HI                                                                                000000002808202400000000  000000000                      
0010001300001T 0201897X0000000092096 24778829000008173   7000008173      30082024000000000033986001009903000008173                0900000000000010500000000000000000000000000000000000000   0000000000000000000000496A9A4      170192477882     
0010001300002U 020000000000000000000000000000000000000000000000000000000000000000000000000000000000000000000000000000000000000000000000002808202400000000            000000000000000                              000                           
0010001300003T 0201897X0000000092096 24778829000008174   7000008174      30092024000000000028041001003549000008174                0900000000000010500000000000000000000000000000000000000   0000000000000000000000496A9A4      170192477882     
0010001300004U 020000000000000000000000000000000000000000000000000000000000000000000000000000000000000000000000000000000000000000000000002808202400000000            000000000000000                              000                           
0010001300005T 0601897X0000000092096 24778829000008077   7000008077      30082024000000000060638237022970000008077                0900000000000010100000000000000000000000000000000000000   000000000000000000000000004        170192477882     
0010001300006U 060000000000000000000000000000000000000000000000000000000000000000000000606380000000000606380000000000000000000000000000002808202429082024            000000000000000                              000                           
0010001300007T 0601897X0000000092096 24778829000008130   7000008130      30082024000000000057831081000010000008130                0900000000000010100000000000000000000000000000000000000   000000000000000000000000004        170192477882     
0010001300008U 060000000000000000000000000000000000000000000000000000000000000000000000578310000000000578310000000000000000000000000000002808202429082024            000000000000000                              000                           
0010001300009T 0601897X0000000092096 24778829000008145   7000008145      30082024000000000095562237023740000008145                0900000000000010100000000000000000000000000000000000000   000000000000000000000000004        170192477882     
0010001300010U 060000000000000000000000000000000000000000000000000000000000000000000000955620000000000955620000000000000000000000000000002808202429082024            000000000000000                              000                           
0010001300011T 0901897X0000000092096 24778822400000105   70000000000001053009202400000000013989900101849X000000105                0900000000000000000000000000000000000000000000000000000   000000000000000000000037210        170192477882     
0010001300012U 090000000000000000000000000000000000000000000000000000000000000000000000000000000000000000000000000000000000000000000000002808202400000000            000000000000000                              000                           
00100015         000014005936000000021563792860000000000000000000000000000000000000000000000000000000000000000000000000000000000000000000000000000                                                                                              
00199999         000001000016000000                                                                                                                                                            00000000000000000000000000000                    
