00100000         2115139610001160024778820014       01897X0000000092096 FUNDACAO AGENCIA DAS BACIAS HIBANCO DO BRASIL                         20209202402122600573303000000829973081PROCESSAMEN                                                 
00100011T0100020 20115139610001160024778820014       01897X0000000092096 FUNDACAO AGENCIA DAS BACIAS HI                                                                                000000000209202400000000  000000000                      
0010001300001T 0201897X0000000092096 24778829000008179   7000008179      30092024000000002470386001004561000008179                0900000000000010000000000000000000000000000000000000000   0000000000000000000000496A9        170192477882     
0010001300002U 020000000000000000000000000000000000000000000000000000000000000000000000000000000000000000000000000000000000000000000000000209202400000000            000000000000000                              000                           
0010001300003T 0601897X0000000092096 24778822400000549   700000000000054930092024000000000028078341013700000000549                0900000000000010100000000000000000000000000000000000000   000000000000000000000000004        170192477882     
0010001300004U 060000000000000000000000000000000000000000000000000000000000000000000000280780000000000280780000000000000000000000000000000209202403092024            000000000000000                              000                           
0010001300005T 0601897X0000000092096 24778822400000977   700000000000097730092024000000000010603237023720000000977                0900000000000010100000000000000000000000000000000000000   000000000000000000000000004        170192477882     
0010001300006U 060000000000000000000000000000000000000000000000000000000000000000000000106030000000000106030000000000000000000000000000000209202403092024            000000000000000                              000                           
0010001300007T 0601897X0000000092096 24778822400005422   700000000000542230092024000000000024886237008920000005422                0900000000000010100000000000000000000000000000000000000   000000000000000000000000004        170192477882     
0010001300008U 060000000000000000000000000000000000000000000000000000000000000000000000248860000000000248860000000000000000000000000000000209202403092024            000000000000000                              000                           
0010001300009T 0601897X0000000092096 24778822400005423   700000000000542331102024000000000024885237008920000005423                0900000000000010100000000000000000000000000000000000000   000000000000000000000000004        170192477882     
0010001300010U 060000000000000000000000000000000000000000000000000000000000000000000000248850000000000248850000000000000000000000000000000209202403092024            000000000000000                              000                           
0010001300011T 0601897X0000000092096 24778822400005425   700000000000542519122024000000000024885237008920000005425                0900000000000010100000000000000000000000000000000000000   000000000000000000000000004        170192477882     
0010001300012U 060000000000000000000000000000000000000000000000000000000000000000000000248850000000000248850000000000000000000000000000000209202403092024            000000000000000                              000                           
0010001300013T 0601897X0000000092096 24778829000008152   7000008152      30082024000000000064400104047920000008152                0900000000000010100000000000000000000000000000000000000   000000000000000000000000004        170192477882     
0010001300014U 060000000000013520000000000000000000000000000000000000000000000000000000657520000000000657520000000000000000000000000000000209202403092024            000000000000000                              000                           
0010001300015T 0601897X0000000092096 24778829000008175   7000008175      30092024000000000025745001041467000008175                0900000000000010060000000000000000000000000000000000000   000000000000000000000000033        170192477882     
0010001300016U 060000000000000000000000000000000000000000000000000000000000000000000000257450000000000257450000000000000000000000000000000209202403092024            000000000000000                              000                           
0010001300017T 0901897X0000000092096 24778822400000003   700000000000000302092024000000002470386001004561000000003                0900000000000000000000000000000000000000000000000000000   000000000000000000000037210        170192477882     
0010001300018U 090000000000000000000000000000000000000000000000000000000000000000000000000000000000000000000000000000000000000000000000000209202400000000            000000000000000                              000                           
0010001300019T 1401897X0000000092096 24778822400000003   700000000000000302092024000000002470386001004561000000003                0900000000000000000000000000000000000000000000000000000   000000000000000000000000000        170192477882     
0010001300020U 140000000000000000000000000000000000000000000000000000000000000000000000000000000000000000000000000000000000000000000000000209202400000000            000000000000000                              000                           
0010001300021T 0301897X0000000092096 24778829000008180   7000008180      3009202400000000001002600100000 000008180                0900000000000000000000000000000000000000000000000000000   000000000000000000000000048        170192477882     
0010001300022U 030000000000000000000000000000000000000000000000000000000000000000000000000000000000000000000000000000000000000000000000000209202400000000            000000000000000                              000                           
00100015         000024005907000000021435713980000000000000000000000000000000000000000000000000000000000000000000000000000000000000000000000000000                                                                                              
00199999         000001000026000000                                                                                                                                                            00000000000000000000000000000                    
