00100000         2115139610001160024778820014       01897X0000000092096 FUNDACAO AGENCIA DAS BACIAS HIBANCO DO BRASIL                         20401202401230900547503000000829973081PROCESSAMEN                                                 
00100011T0100020 20115139610001160024778820014       01897X0000000092096 FUNDACAO AGENCIA DAS BACIAS HI                                                                                000000000401202400000000  000000000                      
0010001300001T 0601897X0000000092096 24778829000007990   7000007990      04012024000000000023171341000190000007990                0900000000000010100000000000000000000000000000000000000   000000000000000000000000004        170192477882     
0010001300002U 060000000000000000000000000000000000000000000000000000000000000000000000231710000000000231710000000000000000000000000000000401202405012024            000000000000000                              000                           
0010001300003T 0901897X0000000092096 24778822230002472   70000000000024723011202300000000002093000101849X000002472                0900000000000000000000000000000000000000000000000000000   000000000000000000000037209        170192477882     
0010001300004U 090000000000000000000000000000000000000000000000000000000000000000000000000000000000000000000000000000000000000000000000000401202400000000            000000000000000                              000                           
0010001300005T 0901897X0000000092096 24778822230002562   700000000000256230112023000000000022717001004561000002562                0900000000000000000000000000000000000000000000000000000   000000000000000000000037209        170192477882     
0010001300006U 090000000000000000000000000000000000000000000000000000000000000000000000000000000000000000000000000000000000000000000000000401202400000000            000000000000000                              000                           
0010001300007T 0901897X0000000092096 24778822230002597   700000000000259730112023000000000021606001004154000002597                0900000000000000000000000000000000000000000000000000000   000000000000000000000037209        170192477882     
0010001300008U 090000000000000000000000000000000000000000000000000000000000000000000000000000000000000000000000000000000000000000000000000401202400000000            000000000000000                              000                           
0010001300009T 0901897X0000000092096 24778822230002607   700000000000260730112023000000000021401001001678000002607                0900000000000000000000000000000000000000000000000000000   000000000000000000000037209        170192477882     
0010001300010U 090000000000000000000000000000000000000000000000000000000000000000000000000000000000000000000000000000000000000000000000000401202400000000            000000000000000                              000                           
0010001300011T 0901897X0000000092096 24778822230002657   70000000000026573011202300000000002180800101849X000002657                0900000000000000000000000000000000000000000000000000000   000000000000000000000037209        170192477882     
0010001300012U 090000000000000000000000000000000000000000000000000000000000000000000000000000000000000000000000000000000000000000000000000401202400000000            000000000000000                              000                           
0010001300013T 0901897X0000000092096 24778822230002717   70000000000027173011202300000000002342100100037X000002717                0900000000000000000000000000000000000000000000000000000   000000000000000000000037209        170192477882     
0010001300014U 090000000000000000000000000000000000000000000000000000000000000000000000000000000000000000000000000000000000000000000000000401202400000000            000000000000000                              000                           
0010001300015T 0901897X0000000092096 24778822230002722   70000000000027223011202300000000002163300101849X000002722                0900000000000000000000000000000000000000000000000000000   000000000000000000000037209        170192477882     
0010001300016U 090000000000000000000000000000000000000000000000000000000000000000000000000000000000000000000000000000000000000000000000000401202400000000            000000000000000                              000                           
0010001300017T 0901897X0000000092096 24778822230002727   700000000000272730112023000000000022999001003190000002727                0900000000000000000000000000000000000000000000000000000   000000000000000000000037209        170192477882     
0010001300018U 090000000000000000000000000000000000000000000000000000000000000000000000000000000000000000000000000000000000000000000000000401202400000000            000000000000000                              000                           
0010001300019T 0901897X0000000092096 24778822230002737   700000000000273730112023000000000023421001003018000002737                0900000000000000000000000000000000000000000000000000000   000000000000000000000037209        170192477882     
0010001300020U 090000000000000000000000000000000000000000000000000000000000000000000000000000000000000000000000000000000000000000000000000401202400000000            000000000000000                              000                           
0010001300021T 0901897X0000000092096 24778822230002742   700000000000274230112023000000000023895001003409000002742                0900000000000000000000000000000000000000000000000000000   000000000000000000000037209        170192477882     
0010001300022U 090000000000000000000000000000000000000000000000000000000000000000000000000000000000000000000000000000000000000000000000000401202400000000            000000000000000                              000                           
0010001300023T 0901897X0000000092096 24778822230002757   700000000000275730112023000000000022231001003409000002757                0900000000000000000000000000000000000000000000000000000   000000000000000000000037209        170192477882     
0010001300024U 090000000000000000000000000000000000000000000000000000000000000000000000000000000000000000000000000000000000000000000000000401202400000000            000000000000000                              000                           
0010001300025T 0901897X0000000092096 24778822230002803   700000000000280330112023000000000021643001003409000002803                0900000000000000000000000000000000000000000000000000000   000000000000000000000037209        170192477882     
0010001300026U 090000000000000000000000000000000000000000000000000000000000000000000000000000000000000000000000000000000000000000000000000401202400000000            000000000000000                              000                           
0010001300027T 0901897X0000000092096 24778822230002827   700000000000282730112023000000000040988001009903000002827                0900000000000000000000000000000000000000000000000000000   000000000000000000000037209        170192477882     
0010001300028U 090000000000000000000000000000000000000000000000000000000000000000000000000000000000000000000000000000000000000000000000000401202400000000            000000000000000                              000                           
0010001300029T 0901897X0000000092096 24778822230002857   700000000000285730112023000000000029277001069833000002857                0900000000000000000000000000000000000000000000000000000   000000000000000000000037209        170192477882     
0010001300030U 090000000000000000000000000000000000000000000000000000000000000000000000000000000000000000000000000000000000000000000000000401202400000000            000000000000000                              000                           
0010001300031T 0901897X0000000092096 24778822230002869   70000000000028693011202300000000003044300101849X000002869                0900000000000000000000000000000000000000000000000000000   000000000000000000000037209        170192477882     
0010001300032U 090000000000000000000000000000000000000000000000000000000000000000000000000000000000000000000000000000000000000000000000000401202400000000            000000000000000                              000                           
0010001300033T 0901897X0000000092096 24778822230002995   70000000000029953011202300000000004391500100636X000002995                0900000000000000000000000000000000000000000000000000000   000000000000000000000037209        170192477882     
0010001300034U 090000000000000000000000000000000000000000000000000000000000000000000000000000000000000000000000000000000000000000000000000401202400000000            000000000000000                              000                           
0010001300035T 0901897X0000000092096 24778822230003115   700000000000311530112023000000000085749001004561000003115                0900000000000000000000000000000000000000000000000000000   000000000000000000000037209        170192477882     
0010001300036U 090000000000000000000000000000000000000000000000000000000000000000000000000000000000000000000000000000000000000000000000000401202400000000            000000000000000                              000                           
0010001300037T 0901897X0000000092096 24778822230003121   700000000000312130112023000000000063433001004561000003121                0900000000000000000000000000000000000000000000000000000   000000000000000000000037209        170192477882     
0010001300038U 090000000000000000000000000000000000000000000000000000000000000000000000000000000000000000000000000000000000000000000000000401202400000000            000000000000000                              000                           
0010001300039T 0901897X0000000092096 24778822230003127   700000000000312730112023000000000135561001000566000003127                0900000000000000000000000000000000000000000000000000000   000000000000000000000037209        170192477882     
0010001300040U 090000000000000000000000000000000000000000000000000000000000000000000000000000000000000000000000000000000000000000000000000401202400000000            000000000000000                              000                           
0010001300041T 0901897X0000000092096 24778822230003193   700000000000319330112023000000000020982001041467000003193                0900000000000000000000000000000000000000000000000000000   000000000000000000000037209        170192477882     
0010001300042U 090000000000000000000000000000000000000000000000000000000000000000000000000000000000000000000000000000000000000000000000000401202400000000            000000000000000                              000                           
0010001300043T 0901897X0000000092096 24778822230003223   700000000000322330112023000000000026959001007994000003223                0900000000000000000000000000000000000000000000000000000   000000000000000000000037209        170192477882     
0010001300044U 090000000000000000000000000000000000000000000000000000000000000000000000000000000000000000000000000000000000000000000000000401202400000000            000000000000000                              000                           
0010001300045T 0901897X0000000092096 24778822230003277   700000000000327730112023000000000080877001007994000003277                0900000000000000000000000000000000000000000000000000000   000000000000000000000037209        170192477882     
0010001300046U 090000000000000000000000000000000000000000000000000000000000000000000000000000000000000000000000000000000000000000000000000401202400000000            000000000000000                              000                           
0010001300047T 0901897X0000000092096 24778822230003283   70000000000032833011202300000000017102500101849X000003283                0900000000000000000000000000000000000000000000000000000   000000000000000000000037209        170192477882     
0010001300048U 090000000000000000000000000000000000000000000000000000000000000000000000000000000000000000000000000000000000000000000000000401202400000000            000000000000000                              000                           
0010001300049T 0901897X0000000092096 24778822230003325   700000000000332530112023000000000033912001000566000003325                0900000000000000000000000000000000000000000000000000000   000000000000000000000037209        170192477882     
0010001300050U 090000000000000000000000000000000000000000000000000000000000000000000000000000000000000000000000000000000000000000000000000401202400000000            000000000000000                              000                           
0010001300051T 0901897X0000000092096 24778822230003361   70000000000033613011202300000000010828400101513X000003361                0900000000000000000000000000000000000000000000000000000   000000000000000000000037209        170192477882     
0010001300052U 090000000000000000000000000000000000000000000000000000000000000000000000000000000000000000000000000000000000000000000000000401202400000000            000000000000000                              000                           
0010001300053T 0901897X0000000092096 24778822230003403   700000000000340330112023000000000037442001003018000003403                0900000000000000000000000000000000000000000000000000000   000000000000000000000037209        170192477882     
0010001300054U 090000000000000000000000000000000000000000000000000000000000000000000000000000000000000000000000000000000000000000000000000401202400000000            000000000000000                              000                           
0010001300055T 0901897X0000000092096 24778822230003517   700000000000351730112023000000000024397001004154000003517                0900000000000000000000000000000000000000000000000000000   000000000000000000000037209        170192477882     
0010001300056U 090000000000000000000000000000000000000000000000000000000000000000000000000000000000000000000000000000000000000000000000000401202400000000            000000000000000                              000                           
0010001300057T 0901897X0000000092096 24778822230003607   700000000000360730112023000000006327993001026565000003607                0900000000000000000000000000000000000000000000000000000   000000000000000000000037209        170192477882     
0010001300058U 090000000000000000000000000000000000000000000000000000000000000000000000000000000000000000000000000000000000000000000000000401202400000000            000000000000000                              000                           
0010001300059T 0901897X0000000092096 24778822230003691   700000000000369130112023000000000119023001003018000003691                0900000000000000000000000000000000000000000000000000000   000000000000000000000037209        170192477882     
0010001300060U 090000000000000000000000000000000000000000000000000000000000000000000000000000000000000000000000000000000000000000000000000401202400000000            000000000000000                              000                           
0010001300061T 0901897X0000000092096 24778822230003811   700000000000381130112023000000000023769001006998000003811                0900000000000000000000000000000000000000000000000000000   000000000000000000000037209        170192477882     
0010001300062U 090000000000000000000000000000000000000000000000000000000000000000000000000000000000000000000000000000000000000000000000000401202400000000            000000000000000                              000                           
0010001300063T 0901897X0000000092096 24778822230003841   700000000000384130112023000000000060658001066583000003841                0900000000000000000000000000000000000000000000000000000   000000000000000000000037209        170192477882     
0010001300064U 090000000000000000000000000000000000000000000000000000000000000000000000000000000000000000000000000000000000000000000000000401202400000000            000000000000000                              000                           
0010001300065T 0901897X0000000092096 24778822230003853   700000000000385330112023000000000041223001000566000003853                0900000000000000000000000000000000000000000000000000000   000000000000000000000037209        170192477882     
0010001300066U 090000000000000000000000000000000000000000000000000000000000000000000000000000000000000000000000000000000000000000000000000401202400000000            000000000000000                              000                           
0010001300067T 0901897X0000000092096 24778822230003967   700000000000396730112023000000000133697001022004000003967                0900000000000000000000000000000000000000000000000000000   000000000000000000000037209        170192477882     
0010001300068U 090000000000000000000000000000000000000000000000000000000000000000000000000000000000000000000000000000000000000000000000000401202400000000            000000000000000                              000                           
0010001300069T 0901897X0000000092096 24778822230004231   700000000000423130112023000000000121986001069833000004231                0900000000000000000000000000000000000000000000000000000   000000000000000000000037209        170192477882     
0010001300070U 090000000000000000000000000000000000000000000000000000000000000000000000000000000000000000000000000000000000000000000000000401202400000000            000000000000000                              000                           
0010001300071T 0901897X0000000092096 24778822230004399   700000000000439930112023000000000085390001000566000004399                0900000000000000000000000000000000000000000000000000000   000000000000000000000037209        170192477882     
0010001300072U 090000000000000000000000000000000000000000000000000000000000000000000000000000000000000000000000000000000000000000000000000401202400000000            000000000000000                              000                           
0010001300073T 0901897X0000000092096 24778822230004441   700000000000444130112023000000000028545001009296000004441                0900000000000000000000000000000000000000000000000000000   000000000000000000000037209        170192477882     
0010001300074U 090000000000000000000000000000000000000000000000000000000000000000000000000000000000000000000000000000000000000000000000000401202400000000            000000000000000                              000                           
0010001300075T 0901897X0000000092096 24778822230004525   700000000000452530112023000000000041963001009946000004525                0900000000000000000000000000000000000000000000000000000   000000000000000000000037209        170192477882     
0010001300076U 090000000000000000000000000000000000000000000000000000000000000000000000000000000000000000000000000000000000000000000000000401202400000000            000000000000000                              000                           
0010001300077T 0901897X0000000092096 24778822230004579   700000000000457930112023000000000020693001003409000004579                0900000000000000000000000000000000000000000000000000000   000000000000000000000037209        170192477882     
0010001300078U 090000000000000000000000000000000000000000000000000000000000000000000000000000000000000000000000000000000000000000000000000401202400000000            000000000000000                              000                           
0010001300079T 0901897X0000000092096 24778822230004603   700000000000460330112023000000000020982001009296000004603                0900000000000000000000000000000000000000000000000000000   000000000000000000000037209        170192477882     
0010001300080U 090000000000000000000000000000000000000000000000000000000000000000000000000000000000000000000000000000000000000000000000000401202400000000            000000000000000                              000                           
0010001300081T 0901897X0000000092096 24778822230004609   700000000000460930112023000000000029007001007994000004609                0900000000000000000000000000000000000000000000000000000   000000000000000000000037209        170192477882     
0010001300082U 090000000000000000000000000000000000000000000000000000000000000000000000000000000000000000000000000000000000000000000000000401202400000000            000000000000000                              000                           
0010001300083T 0901897X0000000092096 24778822230004693   700000000000469330112023000000000037538001023248000004693                0900000000000000000000000000000000000000000000000000000   000000000000000000000037209        170192477882     
0010001300084U 090000000000000000000000000000000000000000000000000000000000000000000000000000000000000000000000000000000000000000000000000401202400000000            000000000000000                              000                           
0010001300085T 0901897X0000000092096 24778822230004729   700000000000472930112023000000000020163001004596000004729                0900000000000000000000000000000000000000000000000000000   000000000000000000000037209        170192477882     
0010001300086U 090000000000000000000000000000000000000000000000000000000000000000000000000000000000000000000000000000000000000000000000000401202400000000            000000000000000                              000                           
0010001300087T 0901897X0000000092096 24778822230004831   700000000000483130112023000000000046198001003190000004831                0900000000000000000000000000000000000000000000000000000   000000000000000000000037209        170192477882     
0010001300088U 090000000000000000000000000000000000000000000000000000000000000000000000000000000000000000000000000000000000000000000000000401202400000000            000000000000000                              000                           
0010001300089T 0901897X0000000092096 24778822230004873   700000000000487330112023000000000068312001014753000004873                0900000000000000000000000000000000000000000000000000000   000000000000000000000037209        170192477882     
0010001300090U 090000000000000000000000000000000000000000000000000000000000000000000000000000000000000000000000000000000000000000000000000401202400000000            000000000000000                              000                           
0010001300091T 0901897X0000000092096 24778822230004897   700000000000489730112023000000000038157001069833000004897                0900000000000000000000000000000000000000000000000000000   000000000000000000000037209        170192477882     
0010001300092U 090000000000000000000000000000000000000000000000000000000000000000000000000000000000000000000000000000000000000000000000000401202400000000            000000000000000                              000                           
0010001300093T 0901897X0000000092096 24778822230004999   700000000000499930112023000000000108208001001724000004999                0900000000000000000000000000000000000000000000000000000   000000000000000000000037209        170192477882     
0010001300094U 090000000000000000000000000000000000000000000000000000000000000000000000000000000000000000000000000000000000000000000000000401202400000000            000000000000000                              000                           
0010001300095T 0901897X0000000092096 24778822230005035   700000000000503530112023000000000021403001000566000005035                0900000000000000000000000000000000000000000000000000000   000000000000000000000037209        170192477882     
0010001300096U 090000000000000000000000000000000000000000000000000000000000000000000000000000000000000000000000000000000000000000000000000401202400000000            000000000000000                              000                           
0010001300097T 0901897X0000000092096 24778822230005059   70000000000050593011202300000000002025000101849X000005059                0900000000000000000000000000000000000000000000000000000   000000000000000000000037209        170192477882     
0010001300098U 090000000000000000000000000000000000000000000000000000000000000000000000000000000000000000000000000000000000000000000000000401202400000000            000000000000000                              000                           
0010001300099T 0901897X0000000092096 24778822230005083   700000000000508330112023000000000021176001003409000005083                0900000000000000000000000000000000000000000000000000000   000000000000000000000037209        170192477882     
0010001300100U 090000000000000000000000000000000000000000000000000000000000000000000000000000000000000000000000000000000000000000000000000401202400000000            000000000000000                              000                           
0010001300101T 0901897X0000000092096 24778822230005107   700000000000510730112023000000000036037001009296000005107                0900000000000000000000000000000000000000000000000000000   000000000000000000000037209        170192477882     
0010001300102U 090000000000000000000000000000000000000000000000000000000000000000000000000000000000000000000000000000000000000000000000000401202400000000            000000000000000                              000                           
0010001300103T 0901897X0000000092096 24778822230005155   700000000000515530112023000000000031534001004561000005155                0900000000000000000000000000000000000000000000000000000   000000000000000000000037209        170192477882     
0010001300104U 090000000000000000000000000000000000000000000000000000000000000000000000000000000000000000000000000000000000000000000000000401202400000000            000000000000000                              000                           
0010001300105T 0901897X0000000092096 24778822230005179   70000000000051793011202300000000002194300101849X000005179                0900000000000000000000000000000000000000000000000000000   000000000000000000000037209        170192477882     
0010001300106U 090000000000000000000000000000000000000000000000000000000000000000000000000000000000000000000000000000000000000000000000000401202400000000            000000000000000                              000                           
0010001300107T 0901897X0000000092096 24778822230005191   700000000000519130112023000000000042988001003018000005191                0900000000000000000000000000000000000000000000000000000   000000000000000000000037209        170192477882     
0010001300108U 090000000000000000000000000000000000000000000000000000000000000000000000000000000000000000000000000000000000000000000000000401202400000000            000000000000000                              000                           
0010001300109T 0901897X0000000092096 24778822230005233   700000000000523330112023000000000035439001003409000005233                0900000000000000000000000000000000000000000000000000000   000000000000000000000037209        170192477882     
0010001300110U 090000000000000000000000000000000000000000000000000000000000000000000000000000000000000000000000000000000000000000000000000401202400000000            000000000000000                              000                           
0010001300111T 0901897X0000000092096 24778822230005245   70000000000052453011202300000000002196600100216X000005245                0900000000000000000000000000000000000000000000000000000   000000000000000000000037209        170192477882     
0010001300112U 090000000000000000000000000000000000000000000000000000000000000000000000000000000000000000000000000000000000000000000000000401202400000000            000000000000000                              000                           
0010001300113T 0901897X0000000092096 24778822230005275   700000000000527530112023000000000033668001001678000005275                0900000000000000000000000000000000000000000000000000000   000000000000000000000037209        170192477882     
0010001300114U 090000000000000000000000000000000000000000000000000000000000000000000000000000000000000000000000000000000000000000000000000401202400000000            000000000000000                              000                           
0010001300115T 0901897X0000000092096 24778822230005299   700000000000529930112023000000000029155001043036000005299                0900000000000000000000000000000000000000000000000000000   000000000000000000000037209        170192477882     
0010001300116U 090000000000000000000000000000000000000000000000000000000000000000000000000000000000000000000000000000000000000000000000000401202400000000            000000000000000                              000                           
0010001300117T 0901897X0000000092096 24778822230005323   700000000000532330112023000000000042497001022004000005323                0900000000000000000000000000000000000000000000000000000   000000000000000000000037209        170192477882     
0010001300118U 090000000000000000000000000000000000000000000000000000000000000000000000000000000000000000000000000000000000000000000000000401202400000000            000000000000000                              000                           
0010001300119T 0901897X0000000092096 24778822230005335   700000000000533530112023000000000029490001003190000005335                0900000000000000000000000000000000000000000000000000000   000000000000000000000037209        170192477882     
0010001300120U 090000000000000000000000000000000000000000000000000000000000000000000000000000000000000000000000000000000000000000000000000401202400000000            000000000000000                              000                           
0010001300121T 0901897X0000000092096 24778822230005395   700000000000539530112023000000000035132001000566000005395                0900000000000000000000000000000000000000000000000000000   000000000000000000000037209        170192477882     
0010001300122U 090000000000000000000000000000000000000000000000000000000000000000000000000000000000000000000000000000000000000000000000000401202400000000            000000000000000                              000                           
0010001300123T 0901897X0000000092096 24778822230005401   70000000000054013011202300000000007474600100264X000005401                0900000000000000000000000000000000000000000000000000000   000000000000000000000037209        170192477882     
0010001300124U 090000000000000000000000000000000000000000000000000000000000000000000000000000000000000000000000000000000000000000000000000401202400000000            000000000000000                              000                           
0010001300125T 0901897X0000000092096 24778822230005437   700000000000543730112023000000000043907001009903000005437                0900000000000000000000000000000000000000000000000000000   000000000000000000000037209        170192477882     
0010001300126U 090000000000000000000000000000000000000000000000000000000000000000000000000000000000000000000000000000000000000000000000000401202400000000            000000000000000                              000                           
0010001300127T 0901897X0000000092096 24778822230005455   70000000000054553011202300000000004162000101849X000005455                0900000000000000000000000000000000000000000000000000000   000000000000000000000037209        170192477882     
0010001300128U 090000000000000000000000000000000000000000000000000000000000000000000000000000000000000000000000000000000000000000000000000401202400000000            000000000000000                              000                           
0010001300129T 0901897X0000000092096 24778822230005503   700000000000550330112023000000000055323001004154000005503                0900000000000000000000000000000000000000000000000000000   000000000000000000000037209        170192477882     
0010001300130U 090000000000000000000000000000000000000000000000000000000000000000000000000000000000000000000000000000000000000000000000000401202400000000            000000000000000                              000                           
0010001300131T 0901897X0000000092096 24778822230005563   70000000000055633011202300000000003431700101849X000005563                0900000000000000000000000000000000000000000000000000000   000000000000000000000037209        170192477882     
0010001300132U 090000000000000000000000000000000000000000000000000000000000000000000000000000000000000000000000000000000000000000000000000401202400000000            000000000000000                              000                           
0010001300133T 0901897X0000000092096 24778822230005623   70000000000056233011202300000000002195700101849X000005623                0900000000000000000000000000000000000000000000000000000   000000000000000000000037209        170192477882     
0010001300134U 090000000000000000000000000000000000000000000000000000000000000000000000000000000000000000000000000000000000000000000000000401202400000000            000000000000000                              000                           
0010001300135T 0901897X0000000092096 24778822230005653   700000000000565330112023000000000026008001001678000005653                0900000000000000000000000000000000000000000000000000000   000000000000000000000037209        170192477882     
0010001300136U 090000000000000000000000000000000000000000000000000000000000000000000000000000000000000000000000000000000000000000000000000401202400000000            000000000000000                              000                           
0010001300137T 0901897X0000000092096 24778822230005695   700000000000569530112023000000000037650001069833000005695                0900000000000000000000000000000000000000000000000000000   000000000000000000000037209        170192477882     
0010001300138U 090000000000000000000000000000000000000000000000000000000000000000000000000000000000000000000000000000000000000000000000000401202400000000            000000000000000                              000                           
0010001300139T 0901897X0000000092096 24778822230005941   700000000000594130112023000000000058553001007994000005941                0900000000000000000000000000000000000000000000000000000   000000000000000000000037209        170192477882     
0010001300140U 090000000000000000000000000000000000000000000000000000000000000000000000000000000000000000000000000000000000000000000000000401202400000000            000000000000000                              000                           
0010001300141T 0901897X0000000092096 24778822230005947   700000000000594730112023000000000044598001003409000005947                0900000000000000000000000000000000000000000000000000000   000000000000000000000037209        170192477882     
0010001300142U 090000000000000000000000000000000000000000000000000000000000000000000000000000000000000000000000000000000000000000000000000401202400000000            000000000000000                              000                           
0010001300143T 0901897X0000000092096 24778822230005995   700000000000599530112023000000000041719001069833000005995                0900000000000000000000000000000000000000000000000000000   000000000000000000000037209        170192477882     
0010001300144U 090000000000000000000000000000000000000000000000000000000000000000000000000000000000000000000000000000000000000000000000000401202400000000            000000000000000                              000                           
0010001300145T 0901897X0000000092096 24778822230006001   70000000000060013011202300000000016102200101849X000006001                0900000000000000000000000000000000000000000000000000000   000000000000000000000037209        170192477882     
0010001300146U 090000000000000000000000000000000000000000000000000000000000000000000000000000000000000000000000000000000000000000000000000401202400000000            000000000000000                              000                           
0010001300147T 0901897X0000000092096 24778822230006043   700000000000604330112023000000000076012001006831000006043                0900000000000000000000000000000000000000000000000000000   000000000000000000000037209        170192477882     
0010001300148U 090000000000000000000000000000000000000000000000000000000000000000000000000000000000000000000000000000000000000000000000000401202400000000            000000000000000                              000                           
0010001300149T 0901897X0000000092096 24778822230006085   700000000000608530112023000000000112377001045888000006085                0900000000000000000000000000000000000000000000000000000   000000000000000000000037209        170192477882     
0010001300150U 090000000000000000000000000000000000000000000000000000000000000000000000000000000000000000000000000000000000000000000000000401202400000000            000000000000000                              000                           
0010001300151T 0901897X0000000092096 24778822230006103   700000000000610330112023000000000048795001003409000006103                0900000000000000000000000000000000000000000000000000000   000000000000000000000037209        170192477882     
0010001300152U 090000000000000000000000000000000000000000000000000000000000000000000000000000000000000000000000000000000000000000000000000401202400000000            000000000000000                              000                           
0010001300153T 0901897X0000000092096 24778822230006109   700000000000610930112023000000000047549001004561000006109                0900000000000000000000000000000000000000000000000000000   000000000000000000000037209        170192477882     
0010001300154U 090000000000000000000000000000000000000000000000000000000000000000000000000000000000000000000000000000000000000000000000000401202400000000            000000000000000                              000                           
0010001300155T 0901897X0000000092096 24778822230006115   700000000000611530112023000000000029277001009903000006115                0900000000000000000000000000000000000000000000000000000   000000000000000000000037209        170192477882     
0010001300156U 090000000000000000000000000000000000000000000000000000000000000000000000000000000000000000000000000000000000000000000000000401202400000000            000000000000000                              000                           
0010001300157T 0901897X0000000092096 24778822230006121   700000000000612130112023000000000057090001004154000006121                0900000000000000000000000000000000000000000000000000000   000000000000000000000037209        170192477882     
0010001300158U 090000000000000000000000000000000000000000000000000000000000000000000000000000000000000000000000000000000000000000000000000401202400000000            000000000000000                              000                           
0010001300159T 0901897X0000000092096 24778822230006181   70000000000061813011202300000000003903600101849X000006181                0900000000000000000000000000000000000000000000000000000   000000000000000000000037209        170192477882     
0010001300160U 090000000000000000000000000000000000000000000000000000000000000000000000000000000000000000000000000000000000000000000000000401202400000000            000000000000000                              000                           
0010001300161T 0901897X0000000092096 24778822230006253   700000000000625330112023000000000021451001026816000006253                0900000000000000000000000000000000000000000000000000000   000000000000000000000037209        170192477882     
0010001300162U 090000000000000000000000000000000000000000000000000000000000000000000000000000000000000000000000000000000000000000000000000401202400000000            000000000000000                              000                           
0010001300163T 0901897X0000000092096 24778822230006307   700000000000630730112023000000000052590001003409000006307                0900000000000000000000000000000000000000000000000000000   000000000000000000000037209        170192477882     
0010001300164U 090000000000000000000000000000000000000000000000000000000000000000000000000000000000000000000000000000000000000000000000000401202400000000            000000000000000                              000                           
0010001300165T 0901897X0000000092096 24778822230006313   700000000000631330112023000000000027140001003409000006313                0900000000000000000000000000000000000000000000000000000   000000000000000000000037209        170192477882     
0010001300166U 090000000000000000000000000000000000000000000000000000000000000000000000000000000000000000000000000000000000000000000000000401202400000000            000000000000000                              000                           
0010001300167T 0901897X0000000092096 24778822230006343   700000000000634330112023000000000021958001003190000006343                0900000000000000000000000000000000000000000000000000000   000000000000000000000037209        170192477882     
0010001300168U 090000000000000000000000000000000000000000000000000000000000000000000000000000000000000000000000000000000000000000000000000401202400000000            000000000000000                              000                           
0010001300169T 0901897X0000000092096 24778822230006355   700000000000635530112023000000000039036001003409000006355                0900000000000000000000000000000000000000000000000000000   000000000000000000000037209        170192477882     
0010001300170U 090000000000000000000000000000000000000000000000000000000000000000000000000000000000000000000000000000000000000000000000000401202400000000            000000000000000                              000                           
0010001300171T 0901897X0000000092096 24778822230006439   700000000000643930112023000000000037743001006831000006439                0900000000000000000000000000000000000000000000000000000   000000000000000000000037209        170192477882     
0010001300172U 090000000000000000000000000000000000000000000000000000000000000000000000000000000000000000000000000000000000000000000000000401202400000000            000000000000000                              000                           
0010001300173T 0901897X0000000092096 24778822230006463   70000000000064633011202300000000006587200101849X000006463                0900000000000000000000000000000000000000000000000000000   000000000000000000000037209        170192477882     
0010001300174U 090000000000000000000000000000000000000000000000000000000000000000000000000000000000000000000000000000000000000000000000000401202400000000            000000000000000                              000                           
0010001300175T 0901897X0000000092096 24778822230006469   700000000000646930112023000000000122669001014753000006469                0900000000000000000000000000000000000000000000000000000   000000000000000000000037209        170192477882     
0010001300176U 090000000000000000000000000000000000000000000000000000000000000000000000000000000000000000000000000000000000000000000000000401202400000000            000000000000000                              000                           
0010001300177T 0901897X0000000092096 24778822230006517   700000000000651730112023000000000073192001001724000006517                0900000000000000000000000000000000000000000000000000000   000000000000000000000037209        170192477882     
0010001300178U 090000000000000000000000000000000000000000000000000000000000000000000000000000000000000000000000000000000000000000000000000401202400000000            000000000000000                              000                           
0010001300179T 0901897X0000000092096 24778822230006541   700000000000654130112023000000000085390001001724000006541                0900000000000000000000000000000000000000000000000000000   000000000000000000000037209        170192477882     
0010001300180U 090000000000000000000000000000000000000000000000000000000000000000000000000000000000000000000000000000000000000000000000000401202400000000            000000000000000                              000                           
0010001300181T 0901897X0000000092096 24778822230006655   700000000000665530112023000000000065200001014753000006655                0900000000000000000000000000000000000000000000000000000   000000000000000000000037209        170192477882     
0010001300182U 090000000000000000000000000000000000000000000000000000000000000000000000000000000000000000000000000000000000000000000000000401202400000000            000000000000000                              000                           
0010001300183T 0901897X0000000092096 24778822230006661   700000000000666130112023000000000032568001000566000006661                0900000000000000000000000000000000000000000000000000000   000000000000000000000037209        170192477882     
0010001300184U 090000000000000000000000000000000000000000000000000000000000000000000000000000000000000000000000000000000000000000000000000401202400000000            000000000000000                              000                           
0010001300185T 0901897X0000000092096 24778822230006697   700000000000669730112023000000000104811001022004000006697                0900000000000000000000000000000000000000000000000000000   000000000000000000000037209        170192477882     
0010001300186U 090000000000000000000000000000000000000000000000000000000000000000000000000000000000000000000000000000000000000000000000000401202400000000            000000000000000                              000                           
0010001300187T 0901897X0000000092096 24778822230006805   700000000000680530112023000000000044853001003409000006805                0900000000000000000000000000000000000000000000000000000   000000000000000000000037209        170192477882     
0010001300188U 090000000000000000000000000000000000000000000000000000000000000000000000000000000000000000000000000000000000000000000000000401202400000000            000000000000000                              000                           
0010001300189T 0901897X0000000092096 24778822230006811   70000000000068113011202300000000002071600101849X000006811                0900000000000000000000000000000000000000000000000000000   000000000000000000000037209        170192477882     
0010001300190U 090000000000000000000000000000000000000000000000000000000000000000000000000000000000000000000000000000000000000000000000000401202400000000            000000000000000                              000                           
0010001300191T 0901897X0000000092096 24778822230006841   700000000000684130112023000000000037303001003190000006841                0900000000000000000000000000000000000000000000000000000   000000000000000000000037209        170192477882     
0010001300192U 090000000000000000000000000000000000000000000000000000000000000000000000000000000000000000000000000000000000000000000000000401202400000000            000000000000000                              000                           
0010001300193T 0901897X0000000092096 24778822230006847   700000000000684730112023000000000022836001008117000006847                0900000000000000000000000000000000000000000000000000000   000000000000000000000037209        170192477882     
0010001300194U 090000000000000000000000000000000000000000000000000000000000000000000000000000000000000000000000000000000000000000000000000401202400000000            000000000000000                              000                           
0010001300195T 0901897X0000000092096 24778822230006853   700000000000685330112023000000000035962001004561000006853                0900000000000000000000000000000000000000000000000000000   000000000000000000000037209        170192477882     
0010001300196U 090000000000000000000000000000000000000000000000000000000000000000000000000000000000000000000000000000000000000000000000000401202400000000            000000000000000                              000                           
0010001300197T 0901897X0000000092096 24778822230006889   700000000000688930112023000000000022528001008117000006889                0900000000000000000000000000000000000000000000000000000   000000000000000000000037209        170192477882     
0010001300198U 090000000000000000000000000000000000000000000000000000000000000000000000000000000000000000000000000000000000000000000000000401202400000000            000000000000000                              000                           
0010001300199T 0901897X0000000092096 24778822230006937   700000000000693730112023000000000195178001003018000006937                0900000000000000000000000000000000000000000000000000000   000000000000000000000037209        170192477882     
0010001300200U 090000000000000000000000000000000000000000000000000000000000000000000000000000000000000000000000000000000000000000000000000401202400000000            000000000000000                              000                           
0010001300201T 0901897X0000000092096 24778822230007003   700000000000700330112023000000000039036001026565000007003                0900000000000000000000000000000000000000000000000000000   000000000000000000000037209        170192477882     
0010001300202U 090000000000000000000000000000000000000000000000000000000000000000000000000000000000000000000000000000000000000000000000000401202400000000            000000000000000                              000                           
0010001300203T 0901897X0000000092096 24778822230007033   700000000000703330112023000000000078071001004154000007033                0900000000000000000000000000000000000000000000000000000   000000000000000000000037209        170192477882     
0010001300204U 090000000000000000000000000000000000000000000000000000000000000000000000000000000000000000000000000000000000000000000000000401202400000000            000000000000000                              000                           
0010001300205T 0901897X0000000092096 24778822230007159   700000000000715930112023000000000106626001014753000007159                0900000000000000000000000000000000000000000000000000000   000000000000000000000037209        170192477882     
0010001300206U 090000000000000000000000000000000000000000000000000000000000000000000000000000000000000000000000000000000000000000000000000401202400000000            000000000000000                              000                           
0010001300207T 0901897X0000000092096 24778822230007171   700000000000717130112023000000000022660001001678000007171                0900000000000000000000000000000000000000000000000000000   000000000000000000000037209        170192477882     
0010001300208U 090000000000000000000000000000000000000000000000000000000000000000000000000000000000000000000000000000000000000000000000000401202400000000            000000000000000                              000                           
0010001300209T 0901897X0000000092096 24778822230007189   700000000000718930112023000000000068312001003549000007189                0900000000000000000000000000000000000000000000000000000   000000000000000000000037209        170192477882     
0010001300210U 090000000000000000000000000000000000000000000000000000000000000000000000000000000000000000000000000000000000000000000000000401202400000000            000000000000000                              000                           
0010001300211T 0901897X0000000092096 24778822230007231   700000000000723130112023000000000023421001003409000007231                0900000000000000000000000000000000000000000000000000000   000000000000000000000037209        170192477882     
0010001300212U 090000000000000000000000000000000000000000000000000000000000000000000000000000000000000000000000000000000000000000000000000401202400000000            000000000000000                              000                           
0010001300213T 0901897X0000000092096 24778829000007567   7000007567      30112023000000000024373001004561000007567                0900000000000000000000000000000000000000000000000000000   000000000000000000000037209        170192477882     
0010001300214U 090000000000000000000000000000000000000000000000000000000000000000000000000000000000000000000000000000000000000000000000000401202400000000            000000000000000                              000                           
0010001300215T 0901897X0000000092096 24778829000007686   7000007686      3011202300000000010629100101849X000007686                0900000000000000000000000000000000000000000000000000000   000000000000000000000037209        170192477882     
0010001300216U 090000000000000000000000000000000000000000000000000000000000000000000000000000000000000000000000000000000000000000000000000401202400000000            000000000000000                              000                           
0010001300217T 0901897X0000000092096 24778829000007744   7000007744      3011202300000000002768300100216X000007744                0900000000000000000000000000000000000000000000000000000   000000000000000000000037209        170192477882     
0010001300218U 090000000000000000000000000000000000000000000000000000000000000000000000000000000000000000000000000000000000000000000000000401202400000000            000000000000000                              000                           
0010001300219T 0901897X0000000092096 24778829000007757   7000007757      30112023000000000106540001003190000007757                0900000000000000000000000000000000000000000000000000000   000000000000000000000037209        170192477882     
0010001300220U 090000000000000000000000000000000000000000000000000000000000000000000000000000000000000000000000000000000000000000000000000401202400000000            000000000000000                              000                           
0010001300221T 0901897X0000000092096 24778829000007761   7000007761      30112023000000000059796001003018000007761                0900000000000000000000000000000000000000000000000000000   000000000000000000000037209        170192477882     
0010001300222U 090000000000000000000000000000000000000000000000000000000000000000000000000000000000000000000000000000000000000000000000000401202400000000            000000000000000                              000                           
0010001300223T 0901897X0000000092096 24778829000007766   7000007766      30112023000000000055193001003409000007766                0900000000000000000000000000000000000000000000000000000   000000000000000000000037209        170192477882     
0010001300224U 090000000000000000000000000000000000000000000000000000000000000000000000000000000000000000000000000000000000000000000000000401202400000000            000000000000000                              000                           
0010001300225T 0901897X0000000092096 24778829000007767   7000007767      30112023000000000058210001009903000007767                0900000000000000000000000000000000000000000000000000000   000000000000000000000037209        170192477882     
0010001300226U 090000000000000000000000000000000000000000000000000000000000000000000000000000000000000000000000000000000000000000000000000401202400000000            000000000000000                              000                           
0010001300227T 0901897X0000000092096 24778829000007774   7000007774      30112023000000000091918001043036000007774                0900000000000000000000000000000000000000000000000000000   000000000000000000000037209        170192477882     
0010001300228U 090000000000000000000000000000000000000000000000000000000000000000000000000000000000000000000000000000000000000000000000000401202400000000            000000000000000                              000                           
0010001300229T 0901897X0000000092096 24778829000007779   7000007779      30112023000000000058281001003018000007779                0900000000000000000000000000000000000000000000000000000   000000000000000000000037209        170192477882     
0010001300230U 090000000000000000000000000000000000000000000000000000000000000000000000000000000000000000000000000000000000000000000000000401202400000000            000000000000000                              000                           
0010001300231T 0901897X0000000092096 24778829000007787   7000007787      30112023000000000078457001007994000007787                0900000000000000000000000000000000000000000000000000000   000000000000000000000037209        170192477882     
0010001300232U 090000000000000000000000000000000000000000000000000000000000000000000000000000000000000000000000000000000000000000000000000401202400000000            000000000000000                              000                           
0010001300233T 0901897X0000000092096 24778829000007790   7000007790      30112023000000000056596001014753000007790                0900000000000000000000000000000000000000000000000000000   000000000000000000000037209        170192477882     
0010001300234U 090000000000000000000000000000000000000000000000000000000000000000000000000000000000000000000000000000000000000000000000000401202400000000            000000000000000                              000                           
0010001300235T 0901897X0000000092096 24778829000007687   7000007687      2912202300000000010629100101849X000007687                0900000000000000000000000000000000000000000000000000000   000000000000000000000037210        170192477882     
0010001300236U 090000000000000000000000000000000000000000000000000000000000000000000000000000000000000000000000000000000000000000000000000401202400000000            000000000000000                              000                           
0010001300237T 0901897X0000000092096 24778829000007745   7000007745      2912202300000000002768300100216X000007745                0900000000000000000000000000000000000000000000000000000   000000000000000000000037210        170192477882     
0010001300238U 090000000000000000000000000000000000000000000000000000000000000000000000000000000000000000000000000000000000000000000000000401202400000000            000000000000000                              000                           
00100015         000240000140000000001965835770000000000000000000000000000000000000000000000000000000000000000000000000000000000000000000000000000                                                                                              
00199999         000001000242000000                                                                                                                                                            00000000000000000000000000000                    
