00100000         2115139610001160024778820014       01897X0000000092096 FUNDACAO AGENCIA DAS BACIAS HIBANCO DO BRASIL                         21312202402024200587703000000829973081PROCESSAMEN                                                 
00100011T0100020 20115139610001160024778820014       01897X0000000092096 FUNDACAO AGENCIA DAS BACIAS HI                                                                                000000001312202400000000  000000000                      
0010001300001T 0201897X0000000092096 24778829000008455   7000008455      19122024000000000849688001003018000008455                0900000000000010000000000000000000000000000000000000000   0000000000000000000000496A9        170192477882     
0010001300002U 020000000000000000000000000000000000000000000000000000000000000000000000000000000000000000000000000000000000000000000000001312202400000000            000000000000000                              000                           
0010001300003T 0201897X0000000092096 24778829000008456   7000008456      19122024000000000329416001003018000008456                0900000000000010000000000000000000000000000000000000000   0000000000000000000000496A9        170192477882     
0010001300004U 020000000000000000000000000000000000000000000000000000000000000000000000000000000000000000000000000000000000000000000000001312202400000000            000000000000000                              000                           
0010001300005T 0601897X0000000092096 24778822400002453   700000000000245319122024000000000323746237003330000002453                0900000000000010100000000000000000000000000000000000000   000000000000000000000000004        170192477882     
0010001300006U 060000000000000000000000000000000000000000000000000000000000000000000003237460000000003237460000000000000000000000000000001312202416122024            000000000000000                              000                           
0010001300007T 0601897X0000000092096 24778822400003157   700000000000315719122024000000000112514237025340000003157                0900000000000010100000000000000000000000000000000000000   000000000000000000000000004        170192477882     
0010001300008U 060000000000000000000000000000000000000000000000000000000000000000000001125140000000001125140000000000000000000000000000001312202416122024            000000000000000                              000                           
0010001300009T 0601897X0000000092096 24778822400003197   700000000000319719122024000000000110629341032630000003197                0900000000000010100000000000000000000000000000000000000   000000000000000000000000004        170192477882     
0010001300010U 060000000000000000000000000000000000000000000000000000000000000000000001106290000000001106290000000000000000000000000000001312202416122024            000000000000000                              000                           
0010001300011T 0601897X0000000092096 24778822400003213   700000000000321319122024000000000109788033032440000003213                0900000000000010100000000000000000000000000000000000000   000000000000000000000000004        170192477882     
0010001300012U 060000000000000000000000000000000000000000000000000000000000000000000001097880000000001097880000000000000000000000000000001312202416122024            000000000000000                              000                           
0010001300013T 0601897X0000000092096 24778822400003253   700000000000325319122024000000000105396237029350000003253                0900000000000010100000000000000000000000000000000000000   000000000000000000000000004        170192477882     
0010001300014U 060000000000000000000000000000000000000000000000000000000000000000000001053960000000001053960000000000000000000000000000001312202416122024            000000000000000                              000                           
0010001300015T 0601897X0000000092096 24778822400003277   700000000000327719122024000000000103072001001678000003277                0900000000000010060000000000000000000000000000000000000   000000000000000000000000033        170192477882     
0010001300016U 060000000000000000000000000000000000000000000000000000000000000000000001030720000000001030720000000000000000000000000000001312202416122024            000000000000000                              000                           
0010001300017T 0601897X0000000092096 24778822400003413   700000000000341319122024000000000087830237002150000003413                0900000000000010100000000000000000000000000000000000000   000000000000000000000000004        170192477882     
0010001300018U 060000000000000000000000000000000000000000000000000000000000000000000000878300000000000878300000000000000000000000000000001312202416122024            000000000000000                              000                           
0010001300019T 0601897X0000000092096 24778822400003533   700000000000353319122024000000000078830341029290000003533                0900000000000010100000000000000000000000000000000000000   000000000000000000000000004        170192477882     
0010001300020U 060000000000000000000000000000000000000000000000000000000000000000000000788300000000000788300000000000000000000000000000001312202416122024            000000000000000                              000                           
0010001300021T 0601897X0000000092096 24778822400003577   700000000000357719122024000000000074401237013680000003577                0900000000000010100000000000000000000000000000000000000   000000000000000000000000004        170192477882     
0010001300022U 060000000000000000000000000000000000000000000000000000000000000000000000744010000000000744010000000000000000000000000000001312202416122024            000000000000000                              000                           
0010001300023T 0601897X0000000092096 24778822400003617   700000000000361719122024000000000073192237013400000003617                0900000000000010100000000000000000000000000000000000000   000000000000000000000000004        170192477882     
0010001300024U 060000000000000000000000000000000000000000000000000000000000000000000000731920000000000731920000000000000000000000000000001312202416122024            000000000000000                              000                           
0010001300025T 0601897X0000000092096 24778822400003629   700000000000362919122024000000000073108748051200000003629                0900000000000010100000000000000000000000000000000000000   000000000000000000000000004        170192477882     
0010001300026U 060000000000000000000000000000000000000000000000000000000000000000000000731080000000000731080000000000000000000000000000001312202416122024            000000000000000                              000                           
0010001300027T 0601897X0000000092096 24778822400003633   700000000000363319122024000000000073008104039660000003633                0900000000000010100000000000000000000000000000000000000   000000000000000000000000004        170192477882     
0010001300028U 060000000000000000000000000000000000000000000000000000000000000000000000730080000000000730080000000000000000000000000000001312202416122024            000000000000000                              000                           
0010001300029T 0601897X0000000092096 24778822400003801   700000000000380119122024000000000065873341003010000003801                0900000000000010100000000000000000000000000000000000000   000000000000000000000000004        170192477882     
0010001300030U 060000000000000000000000000000000000000000000000000000000000000000000000658730000000000658730000000000000000000000000000001312202416122024            000000000000000                              000                           
0010001300031T 0601897X0000000092096 24778822400003949   700000000000394919122024000000000059193341000300000003949                0900000000000010100000000000000000000000000000000000000   000000000000000000000000004        170192477882     
0010001300032U 060000000000000000000000000000000000000000000000000000000000000000000000591930000000000591930000000000000000000000000000001312202416122024            000000000000000                              000                           
0010001300033T 0601897X0000000092096 24778822400004065   700000000000406519122024000000000056524341000280000004065                0900000000000010100000000000000000000000000000000000000   000000000000000000000000004        170192477882     
0010001300034U 060000000000000000000000000000000000000000000000000000000000000000000000565240000000000565240000000000000000000000000000001312202416122024            000000000000000                              000                           
0010001300035T 0601897X0000000092096 24778822400004177   700000000000417719122024000000000052844237003160000004177                0900000000000010100000000000000000000000000000000000000   000000000000000000000000004        170192477882     
0010001300036U 060000000000000000000000000000000000000000000000000000000000000000000000528440000000000528440000000000000000000000000000001312202416122024            000000000000000                              000                           
0010001300037T 0601897X0000000092096 24778822400004401   700000000000440119122024000000000043915033000900000004401                0900000000000010100000000000000000000000000000000000000   000000000000000000000000004        170192477882     
0010001300038U 060000000000000000000000000000000000000000000000000000000000000000000000439150000000000439150000000000000000000000000000001312202416122024            000000000000000                              000                           
0010001300039T 0601897X0000000092096 24778822400004537   700000000000453719122024000000000040255237023930000004537                0900000000000010100000000000000000000000000000000000000   000000000000000000000000004        170192477882     
0010001300040U 060000000000000000000000000000000000000000000000000000000000000000000000402550000000000402550000000000000000000000000000001312202416122024            000000000000000                              000                           
0010001300041T 0601897X0000000092096 24778822400004753   700000000000475319122024000000000035821237025610000004753                0900000000000010100000000000000000000000000000000000000   000000000000000000000000004        170192477882     
0010001300042U 060000000000000000000000000000000000000000000000000000000000000000000000358210000000000358210000000000000000000000000000001312202416122024            000000000000000                              000                           
0010001300043T 0601897X0000000092096 24778822400004841   700000000000484119122024000000000034195341000550000004841                0900000000000010100000000000000000000000000000000000000   000000000000000000000000004        170192477882     
0010001300044U 060000000000000000000000000000000000000000000000000000000000000000000000341950000000000341950000000000000000000000000000001312202416122024            000000000000000                              000                           
0010001300045T 0601897X0000000092096 24778822400005237   700000000000523719122024000000000027813237004800000005237                0900000000000010100000000000000000000000000000000000000   000000000000000000000000004        170192477882     
0010001300046U 060000000000000000000000000000000000000000000000000000000000000000000000278130000000000278130000000000000000000000000000001312202416122024            000000000000000                              000                           
0010001300047T 0601897X0000000092096 24778822400005365   700000000000536519122024000000000025617033036440000005365                0900000000000010100000000000000000000000000000000000000   000000000000000000000000004        170192477882     
0010001300048U 060000000000000000000000000000000000000000000000000000000000000000000000256170000000000256170000000000000000000000000000001312202416122024            000000000000000                              000                           
0010001300049T 0601897X0000000092096 24778822400005433   700000000000543319122024000000000024853001043036000005433                0900000000000010040000000000000000000000000000000000000   000000000000000000000000034        170192477882     
0010001300050U 060000000000000000000000000000000000000000000000000000000000000000000000248530000000000248530000000000000000000000000000001312202416122024            000000000000000                              000                           
0010001300051T 0901897X0000000092096 24778822400002212   700000000000221229112024000000000827625001003018000002212                0900000000000000000000000000000000000000000000000000000   000000000000000000000037210        170192477882     
0010001300052U 090000000000000000000000000000000000000000000000000000000000000000000000000000000000000000000000000000000000000000000000001312202400000000            000000000000000                              000                           
0010001300053T 0901897X0000000092096 24778822400002468   700000000000246829112024000000000320863001003018000002468                0900000000000000000000000000000000000000000000000000000   000000000000000000000037210        170192477882     
0010001300054U 090000000000000000000000000000000000000000000000000000000000000000000000000000000000000000000000000000000000000000000000001312202400000000            000000000000000                              000                           
00100015         000056001167000000005468757400000000000000000000000000000000000000000000000000000000000000000000000000000000000000000000000000000                                                                                              
00199999         000001000058000000                                                                                                                                                            00000000000000000000000000000                    
