00100000         2115139610001160024778820014       01897X0000000092096 FUNDACAO AGENCIA DAS BACIAS HIBANCO DO BRASIL                         20409202401461300573703000000829973081PROCESSAMEN                                                 
00100011T0100020 20115139610001160024778820014       01897X0000000092096 FUNDACAO AGENCIA DAS BACIAS HI                                                                                000000000409202400000000  000000000                      
0010001300001T 0201897X0000000092096 24778829000008191   7000008191      30092024000000000256963001003018000008191                0900000000000010000000000000000000000000000000000000000   0000000000000000000000496A9        170192477882     
0010001300002U 020000000000000000000000000000000000000000000000000000000000000000000000000000000000000000000000000000000000000000000000000409202400000000            000000000000000                              000                           
0010001300003T 0201897X0000000092096 24778829000008192   7000008192      19122024000000000984328001003409000008192                0900000000000010000000000000000000000000000000000000000   0000000000000000000000496A9        170192477882     
0010001300004U 020000000000000000000000000000000000000000000000000000000000000000000000000000000000000000000000000000000000000000000000000409202400000000            000000000000000                              000                           
0010001300005T 0601897X0000000092096 24778822400000512   700000000000051230092024000000000029277341002070000000512                0900000000000010100000000000000000000000000000000000000   000000000000000000000000004        170192477882     
0010001300006U 060000000000000000000000000000000000000000000000000000000000000000000000292770000000000292770000000000000000000000000000000409202405092024            000000000000000                              000                           
0010001300007T 0601897X0000000092096 24778822400000555   700000000000055530092024000000000027813033000130000000555                0900000000000010100000000000000000000000000000000000000   000000000000000000000000004        170192477882     
0010001300008U 060000000000000000000000000000000000000000000000000000000000000000000000278130000000000278130000000000000000000000000000000409202405092024            000000000000000                              000                           
0010001300009T 0601897X0000000092096 24778822400000589   700000000000058930092024000000000026349033017930000000589                0900000000000010100000000000000000000000000000000000000   000000000000000000000000004        170192477882     
0010001300010U 060000000000000000000000000000000000000000000000000000000000000000000000263490000000000263490000000000000000000000000000000409202405092024            000000000000000                              000                           
0010001300011T 0601897X0000000092096 24778822400001626   700000000000162630092024000000000024397237002150000001626                0900000000000010100000000000000000000000000000000000000   000000000000000000000000004        170192477882     
0010001300012U 060000000000000000000000000000000000000000000000000000000000000000000000243970000000000243970000000000000000000000000000000409202405092024            000000000000000                              000                           
0010001300013T 0601897X0000000092096 24778822400002218   700000000000221830092024000000000812243745000010000002218                0900000000000010100000000000000000000000000000000000000   000000000000000000000000004        170192477882     
0010001300014U 060000000000000000000000000000000000000000000000000000000000000000000008122430000000008122430000000000000000000000000000000409202405092024            000000000000000                              000                           
0010001300015T 0601897X0000000092096 24778829000008173   7000008173      04092024000000000033986341002070000008173                0900000000000010100000000000000000000000000000000000000   000000000000000000000000004        170192477882     
0010001300016U 060000000000000000000000000000000000000000000000000000000000000000000000339860000000000339860000000000000000000000000000000409202405092024            000000000000000                              000                           
0010001300017T 0901897X0000000092096 24778822400002177   700000000000217719122024000000001123940001003409000002177                0900000000000000000000000000000000000000000000000000000   000000000000000000000037210        170192477882     
0010001300018U 090000000000000000000000000000000000000000000000000000000000000000000000000000000000000000000000000000000000000000000000000409202400000000            000000000000000                              000                           
0010001300019T 0301897X0000000092096 24778829000008190   7000008190      3009202400000000003780200100000 000008190                0900000000000000000000000000000000000000000000000000000   000000000000000000000000048        170192477882     
0010001300020U 030000000000000000000000000000000000000000000000000000000000000000000000000000000000000000000000000000000000000000000000000409202400000000            000000000000000                              000                           
00100015         000022005906000000021428211800000000000000000000000000000000000000000000000000000000000000000000000000000000000000000000000000000                                                                                              
00199999         000001000024000000                                                                                                                                                            00000000000000000000000000000                    
