00100000         2115139610001160024778820014       01897X0000000092096 FUNDACAO AGENCIA DAS BACIAS HIBANCO DO BRASIL                         20708202402015300569803000000829973081PROCESSAMEN                                                 
00100011T0100020 20115139610001160024778820014       01897X0000000092096 FUNDACAO AGENCIA DAS BACIAS HI                                                                                000000000708202400000000  000000000                      
0010001300001T 0201897X0000000092096 24778829000008136   7000008136      30082024000000000198107001043036000008136                0900000000000010500000000000000000000000000000000000000   0000000000000000000000496A9A4      170192477882     
0010001300002U 020000000000000000000000000000000000000000000000000000000000000000000000000000000000000000000000000000000000000000000000000708202400000000            000000000000000                              000                           
0010001300003T 0201897X0000000092096 24778829000008137   7000008137      3008202400000000004749900101849X000008137                0900000000000010500000000000000000000000000000000000000   0000000000000000000000496A9A4      170192477882     
0010001300004U 020000000000000000000000000000000000000000000000000000000000000000000000000000000000000000000000000000000000000000000000000708202400000000            000000000000000                              000                           
0010001300005T 0201897X0000000092096 24778829000008138   7000008138      30082024000000000159151001003409000008138                0900000000000010500000000000000000000000000000000000000   0000000000000000000000496A9A4      170192477882     
0010001300006U 020000000000000000000000000000000000000000000000000000000000000000000000000000000000000000000000000000000000000000000000000708202400000000            000000000000000                              000                           
0010001300007T 0201897X0000000092096 24778829000008139   7000008139      30082024000000000118609001003409000008139                0900000000000010500000000000000000000000000000000000000   0000000000000000000000496A9A4      170192477882     
0010001300008U 020000000000000000000000000000000000000000000000000000000000000000000000000000000000000000000000000000000000000000000000000708202400000000            000000000000000                              000                           
00100015         000010000052000000000569564110000000000000000000000000000000000000000000000000000000000000000000000000000000000000000000000000000                                                                                              
00199999         000001000012000000                                                                                                                                                            00000000000000000000000000000                    
