00100000         2115139610001160024778820014       01897X0000000092096 FUNDACAO AGENCIA DAS BACIAS HIBANCO DO BRASIL                         22008202402031600571503000000829973081PROCESSAMEN                                                 
00100011T0100020 20115139610001160024778820014       01897X0000000092096 FUNDACAO AGENCIA DAS BACIAS HI                                                                                000000002008202400000000  000000000                      
0010001300001T 0201897X0000000092096 24778829000008162   7000008162      30082024000000000153561001009946000008162                0900000000000010500000000000000000000000000000000000000   0000000000000000000000496A9A4      170192477882     
0010001300002U 020000000000000000000000000000000000000000000000000000000000000000000000000000000000000000000000000000000000000000000000002008202400000000            000000000000000                              000                           
0010001300003T 0201897X0000000092096 24778829000008163   7000008163      30082024000000000050647001009903000008163                0900000000000010500000000000000000000000000000000000000   0000000000000000000000496A9A4      170192477882     
0010001300004U 020000000000000000000000000000000000000000000000000000000000000000000000000000000000000000000000000000000000000000000000002008202400000000            000000000000000                              000                           
0010001300005T 0201897X0000000092096 24778829000008164   7000008164      3008202400000000004166700101849X000008164                0900000000000010500000000000000000000000000000000000000   0000000000000000000000496A9A4      170192477882     
0010001300006U 020000000000000000000000000000000000000000000000000000000000000000000000000000000000000000000000000000000000000000000000002008202400000000            000000000000000                              000                           
0010001300007T 0201897X0000000092096 24778829000008165   7000008165      30082024000000000041633001003190000008165                0900000000000010500000000000000000000000000000000000000   0000000000000000000000496A9A4      170192477882     
0010001300008U 020000000000000000000000000000000000000000000000000000000000000000000000000000000000000000000000000000000000000000000000002008202400000000            000000000000000                              000                           
0010001300009T 0601897X0000000092096 24778829000008148   7000008148      30082024000000000281653341001960000008148                0900000000000010100000000000000000000000000000000000000   000000000000000000000000004        170192477882     
0010001300010U 060000000000000000000000000000000000000000000000000000000000000000000002816530000000002816530000000000000000000000000000002008202421082024            000000000000000                              000                           
00100015         000012000073000000000585660750000000000000000000000000000000000000000000000000000000000000000000000000000000000000000000000000000                                                                                              
00199999         000001000014000000                                                                                                                                                            00000000000000000000000000000                    
