00100000         2115139610001160024778820014       01897X0000000092096 FUNDACAO AGENCIA DAS BACIAS HIBANCO DO BRASIL                         21010202402034200578903000000829973081PROCESSAMEN                                                 
00100011T0100020 20115139610001160024778820014       01897X0000000092096 FUNDACAO AGENCIA DAS BACIAS HI                                                                                000000001010202400000000  000000000                      
0010001300001T 0201897X0000000092096 24778829000008272   7000008272      11112024000000001200564001009946000008272                0900000000000010000000000000000000000000000000000000000   0000000000000000000000496A9        170192477882     
0010001300002U 020000000000000000000000000000000000000000000000000000000000000000000000000000000000000000000000000000000000000000000000001010202400000000            000000000000000                              000                           
0010001300003T 0201897X0000000092096 24778829000008273   7000008273      15102024000000000059033001001678000008273                0900000000000010000000000000000000000000000000000000000   0000000000000000000000496A9        170192477882     
0010001300004U 020000000000000000000000000000000000000000000000000000000000000000000000000000000000000000000000000000000000000000000000001010202400000000            000000000000000                              000                           
0010001300005T 0201897X0000000092096 24778829000008274   7000008274      31102024000000000059035001001678000008274                0900000000000010000000000000000000000000000000000000000   0000000000000000000000496A9        170192477882     
0010001300006U 020000000000000000000000000000000000000000000000000000000000000000000000000000000000000000000000000000000000000000000000001010202400000000            000000000000000                              000                           
0010001300007T 0201897X0000000092096 24778829000008275   7000008275      29112024000000000059035001001678000008275                0900000000000010000000000000000000000000000000000000000   0000000000000000000000496A9        170192477882     
0010001300008U 020000000000000000000000000000000000000000000000000000000000000000000000000000000000000000000000000000000000000000000000001010202400000000            000000000000000                              000                           
0010001300009T 0201897X0000000092096 24778829000008276   7000008276      19122024000000000059035001001678000008276                0900000000000010000000000000000000000000000000000000000   0000000000000000000000496A9        170192477882     
0010001300010U 020000000000000000000000000000000000000000000000000000000000000000000000000000000000000000000000000000000000000000000000001010202400000000            000000000000000                              000                           
0010001300011T 0201897X0000000092096 24778829000008277   7000008277      16102024000000001697594001004154000008277                0900000000000010000000000000000000000000000000000000000   0000000000000000000000496A9        170192477882     
0010001300012U 020000000000000000000000000000000000000000000000000000000000000000000000000000000000000000000000000000000000000000000000001010202400000000            000000000000000                              000                           
0010001300013T 0601897X0000000092096 24778822400000132   700000000000013210102024000000000105396341009100000000132                0900000000000010100000000000000000000000000000000000000   000000000000000000000000004        170192477882     
0010001300014U 060000000000000000000000000000000000000000000000000000000000000000000001053960000000001053960000000000000000000000000000001010202411102024            000000000000000                              000                           
0010001300015T 0601897X0000000092096 24778822400000398   700000000000039811102024000000000033276237033710000000398                0900000000000010100000000000000000000000000000000000000   000000000000000000000000004        170192477882     
0010001300016U 060000000000000000000000000000000000000000000000000000000000000000000000332760000000000332760000000000000000000000000000001010202411102024            000000000000000                              000                           
0010001300017T 0601897X0000000092096 24778822400000464   700000000000046410102024000000000030139341000300000000464                0900000000000010100000000000000000000000000000000000000   000000000000000000000000004        170192477882     
0010001300018U 060000000000000000000000000000000000000000000000000000000000000000000000301390000000000301390000000000000000000000000000001010202411102024            000000000000000                              000                           
0010001300019T 0601897X0000000092096 24778822400000564   700000000000056410102024000000000027632341001360000000564                0900000000000010100000000000000000000000000000000000000   000000000000000000000000004        170192477882     
0010001300020U 060000000000000000000000000000000000000000000000000000000000000000000000276320000000000276320000000000000000000000000000001010202411102024            000000000000000                              000                           
0010001300021T 0601897X0000000092096 24778822400001128   700000000000112831102024000000000027243104041040000001128                0900000000000010100000000000000000000000000000000000000   000000000000000000000000004        170192477882     
0010001300022U 060000000000000000000000000000000000000000000000000000000000000000000000272430000000000272430000000000000000000000000000001010202411102024            000000000000000                              000                           
0010001300023T 0601897X0000000092096 24778822400001191   700000000000119110102024000000000025646237006360000001191                0900000000000010100000000000000000000000000000000000000   000000000000000000000000004        170192477882     
0010001300024U 060000000000000000000000000000000000000000000000000000000000000000000000256460000000000256460000000000000000000000000000001010202411102024            000000000000000                              000                           
0010001300025T 0601897X0000000092096 24778822400001195   700000000000119510102024000000000025617341001360000001195                0900000000000010100000000000000000000000000000000000000   000000000000000000000000004        170192477882     
0010001300026U 060000000000000000000000000000000000000000000000000000000000000000000000256170000000000256170000000000000000000000000000001010202411102024            000000000000000                              000                           
0010001300027T 0601897X0000000092096 24778822400001313   700000000000131330092024000000000022908341000120000001313                0900000000000010100000000000000000000000000000000000000   000000000000000000000000004        170192477882     
0010001300028U 060000000000005340000000000000000000000000000000000000000000000000000000234420000000000234420000000000000000000000000000001010202411102024            000000000000000                              000                           
0010001300029T 0601897X0000000092096 24778822400001674   700000000000167410102024000000000024160341001360000001674                0900000000000010100000000000000000000000000000000000000   000000000000000000000000004        170192477882     
0010001300030U 060000000000000000000000000000000000000000000000000000000000000000000000241600000000000241600000000000000000000000000000001010202411102024            000000000000000                              000                           
0010001300031T 0601897X0000000092096 24778822400001722   700000000000172210102024000000000023491341004450000001722                0900000000000010100000000000000000000000000000000000000   000000000000000000000000004        170192477882     
0010001300032U 060000000000000000000000000000000000000000000000000000000000000000000000234910000000000234910000000000000000000000000000001010202411102024            000000000000000                              000                           
0010001300033T 0601897X0000000092096 24778822400002051   700000000000205131102024000000004848405033002850000002051                0900000000000010100000000000000000000000000000000000000   000000000000000000000000004        170192477882     
0010001300034U 060000000000000000000000000000000000000000000000000000000000000000000048484050000000048484050000000000000000000000000000001010202411102024            000000000000000                              000                           
0010001300035T 0601897X0000000092096 24778822400002079   700000000000207931102024000000003829101033002850000002079                0900000000000010100000000000000000000000000000000000000   000000000000000000000000004        170192477882     
0010001300036U 060000000000000000000000000000000000000000000000000000000000000000000038291010000000038291010000000000000000000000000000001010202411102024            000000000000000                              000                           
0010001300037T 0601897X0000000092096 24778822400004102   700000000000410210102024000000000055368341005600000004102                0900000000000010100000000000000000000000000000000000000   000000000000000000000000004        170192477882     
0010001300038U 060000000000000000000000000000000000000000000000000000000000000000000000553680000000000553680000000000000000000000000000001010202411102024            000000000000000                              000                           
0010001300039T 0601897X0000000092096 24778822400004127   700000000000412731102024000000000054894001009903000004127                0900000000000010060000000000000000000000000000000000000   000000000000000000000000033        170192477882     
0010001300040U 060000000000000000000000000000000000000000000000000000000000000000000000548940000000000548940000000000000000000000000000001010202411102024            000000000000000                              000                           
0010001300041T 0601897X0000000092096 24778822400005234   700000000000523411102024000000000027812237004800000005234                0900000000000010100000000000000000000000000000000000000   000000000000000000000000004        170192477882     
0010001300042U 060000000000000000000000000000000000000000000000000000000000000000000000278120000000000278120000000000000000000000000000001010202411102024            000000000000000                              000                           
0010001300043T 0601897X0000000092096 24778829000008265   7000008265      11102024000000000870526033002850000008265                0900000000000010100000000000000000000000000000000000000   000000000000000000000000004        170192477882     
0010001300044U 060000000000000000000000000000000000000000000000000000000000000000000008705260000000008705260000000000000000000000000000001010202411102024            000000000000000                              000                           
0010001300045T 1401897X0000000092096 24778822400000744   700000000000074416102024000000000021957001004154000000744                0900000000000000000000000000000000000000000000000000000   000000000000000000000000000        170192477882     
0010001300046U 140000000000000000000000000000000000000000000000000000000000000000000000000000000000000000000000000000000000000000000000001010202400000000            000000000000000                              000                           
0010001300047T 1401897X0000000092096 24778822400000771   700000000000077116102024000000000021198001008117000000771                0900000000000000000000000000000000000000000000000000000   000000000000000000000000000        170192477882     
0010001300048U 140000000000000000000000000000000000000000000000000000000000000000000000000000000000000000000000000000000000000000000000001010202400000000            000000000000000                              000                           
0010001300049T 1401897X0000000092096 24778822400002926   700000000000292616102024000000000144401001002682000002926                0900000000000000000000000000000000000000000000000000000   000000000000000000000000000        170192477882     
0010001300050U 140000000000000000000000000000000000000000000000000000000000000000000000000000000000000000000000000000000000000000000000001010202400000000            000000000000000                              000                           
0010001300051T 1401897X0000000092096 24778822400004050   700000000000405016102024000000000056727001023248000004050                0900000000000000000000000000000000000000000000000000000   000000000000000000000000000        170192477882     
0010001300052U 140000000000000000000000000000000000000000000000000000000000000000000000000000000000000000000000000000000000000000000000001010202400000000            000000000000000                              000                           
00100015         000054004183000000015349804310000000000000000000000000000000000000000000000000000000000000000000000000000000000000000000000000000                                                                                              
00199999         000001000056000000                                                                                                                                                            00000000000000000000000000000                    
