00100000         2115139610001160024778820014       01897X0000000092096 FUNDACAO AGENCIA DAS BACIAS HIBANCO DO BRASIL                         22410202402373400580903000000829973081PROCESSAMEN                                                 
00100011T0100020 20115139610001160024778820014       01897X0000000092096 FUNDACAO AGENCIA DAS BACIAS HI                                                                                000000002410202400000000  000000000                      
0010001300001T 0601897X0000000092096 24778822400001082   700000000000108231102024000000000029215237001510000001082                0900000000000010100000000000000000000000000000000000000   000000000000000000000000004        170192477882     
0010001300002U 060000000000000000000000000000000000000000000000000000000000000000000000292150000000000292150000000000000000000000000000002410202425102024            000000000000000                              000                           
0010001300003T 0601897X0000000092096 24778822400001262   700000000000126231102024000000000024088104002790000001262                0900000000000010100000000000000000000000000000000000000   000000000000000000000000004        170192477882     
0010001300004U 060000000000000000000000000000000000000000000000000000000000000000000000240880000000000240880000000000000000000000000000002410202425102024            000000000000000                              000                           
0010001300005T 0601897X0000000092096 24778822400001570   700000000000157031102024000000000025373341078900000001570                0900000000000010100000000000000000000000000000000000000   000000000000000000000000004        170192477882     
0010001300006U 060000000000000000000000000000000000000000000000000000000000000000000000253730000000000253730000000000000000000000000000002410202425102024            000000000000000                              000                           
0010001300007T 0601897X0000000092096 24778822400001753   700000000000175331102024000000000023295341004450000001753                0900000000000010100000000000000000000000000000000000000   000000000000000000000000004        170192477882     
0010001300008U 060000000000000000000000000000000000000000000000000000000000000000000000232950000000000232950000000000000000000000000000002410202425102024            000000000000000                              000                           
0010001300009T 0601897X0000000092096 24778822400001888   700000000000188831102024000000000021460748052110000001888                0900000000000010100000000000000000000000000000000000000   000000000000000000000000004        170192477882     
0010001300010U 060000000000000000000000000000000000000000000000000000000000000000000000214600000000000214600000000000000000000000000000002410202425102024            000000000000000                              000                           
0010001300011T 0601897X0000000092096 24778822400002191   700000000000219131102024000000001020693001006998000002191                0900000000000010040000000000000000000000000000000000000   000000000000000000000000034        170192477882     
0010001300012U 060000000000000000000000000000000000000000000000000000000000000000000010206930000000010206930000000000000000000000000000002410202425102024            000000000000000                              000                           
0010001300013T 0601897X0000000092096 24778822400002575   700000000000257531102024000000000242455341040050000002575                0900000000000010100000000000000000000000000000000000000   000000000000000000000000004        170192477882     
0010001300014U 060000000000000000000000000000000000000000000000000000000000000000000002424550000000002424550000000000000000000000000000002410202425102024            000000000000000                              000                           
0010001300015T 0601897X0000000092096 24778822400002803   700000000000280331102024000000000166948341040050000002803                0900000000000010100000000000000000000000000000000000000   000000000000000000000000004        170192477882     
0010001300016U 060000000000000000000000000000000000000000000000000000000000000000000001669480000000001669480000000000000000000000000000002410202425102024            000000000000000                              000                           
0010001300017T 0601897X0000000092096 24778822400003251   700000000000325131102024000000000105396237029350000003251                0900000000000010100000000000000000000000000000000000000   000000000000000000000000004        170192477882     
0010001300018U 060000000000000000000000000000000000000000000000000000000000000000000001053960000000001053960000000000000000000000000000002410202425102024            000000000000000                              000                           
0010001300019T 0601897X0000000092096 24778822400003599   700000000000359931102024000000000073192341081690000003599                0900000000000010100000000000000000000000000000000000000   000000000000000000000000004        170192477882     
0010001300020U 060000000000000000000000000000000000000000000000000000000000000000000000731920000000000731920000000000000000000000000000002410202425102024            000000000000000                              000                           
0010001300021T 0601897X0000000092096 24778822400004711   700000000000471131102024000000000036496341004450000004711                0900000000000010100000000000000000000000000000000000000   000000000000000000000000004        170192477882     
0010001300022U 060000000000000000000000000000000000000000000000000000000000000000000000364960000000000364960000000000000000000000000000002410202425102024            000000000000000                              000                           
0010001300023T 0601897X0000000092096 24778822400005363   700000000000536331102024000000000025617033036440000005363                0900000000000010100000000000000000000000000000000000000   000000000000000000000000004        170192477882     
0010001300024U 060000000000000000000000000000000000000000000000000000000000000000000000256170000000000256170000000000000000000000000000002410202425102024            000000000000000                              000                           
0010001300025T 0601897X0000000092096 24778822400005611   700000000000561131102024000000000021958509000010000005611                0900000000000010100000000000000000000000000000000000000   000000000000000000000000004        170192477882     
0010001300026U 060000000000000000000000000000000000000000000000000000000000000000000000219580000000000219580000000000000000000000000000002410202425102024            000000000000000                              000                           
00100015         000028004072000000014976922420000000000000000000000000000000000000000000000000000000000000000000000000000000000000000000000000000                                                                                              
00199999         000001000030000000                                                                                                                                                            00000000000000000000000000000                    
