00100000         2115139610001160024778820014       01897X0000000092096 FUNDACAO AGENCIA DAS BACIAS HIBANCO DO BRASIL                         22404202401471600559403000000829973081PROCESSAMEN                                                 
00100011T0100020 20115139610001160024778820014       01897X0000000092096 FUNDACAO AGENCIA DAS BACIAS HI                                                                                000000002404202400000000  000000000                      
0010001300001T 0201897X0000000092096 24778829000008072   7000008072      10052024000000000246756001006831000008072                0900000000000010000000000000000000000000000000000000000   0000000000000000000000496A9        170192477882     
0010001300002U 020000000000000000000000000000000000000000000000000000000000000000000000000000000000000000000000000000000000000000000000002404202400000000            000000000000000                              000                           
00100015         000004000030000000000983050390000000000000000000000000000000000000000000000000000000000000000000000000000000000000000000000000000                                                                                              
00199999         000001000006000000                                                                                                                                                            00000000000000000000000000000                    
