00100000         2115139610001160024778820014       01897X0000000092096 FUNDACAO AGENCIA DAS BACIAS HIBANCO DO BRASIL                         22309202402044300576303000000829973081PROCESSAMEN                                                 
00100011T0100020 20115139610001160024778820014       01897X0000000092096 FUNDACAO AGENCIA DAS BACIAS HI                                                                                000000002309202400000000  000000000                      
0010001300001T 0201897X0000000092096 24778829000008221   7000008221      30092024000000000020525001004596000008221                0900000000000010500000000000000000000000000000000000000   0000000000000000000000496A9A4      170192477882     
0010001300002U 020000000000000000000000000000000000000000000000000000000000000000000000000000000000000000000000000000000000000000000000002309202400000000            000000000000000                              000                           
0010001300003T 0201897X0000000092096 24778829000008222   7000008222      3009202400000000006730600101849X000008222                0900000000000010000000000000000000000000000000000000000   0000000000000000000000496A9        170192477882     
0010001300004U 020000000000000000000000000000000000000000000000000000000000000000000000000000000000000000000000000000000000000000000000002309202400000000            000000000000000                              000                           
0010001300005T 0601897X0000000092096 24778822400000034   700000000000003430092024000000000415240341048710000000034                0900000000000010100000000000000000000000000000000000000   000000000000000000000000004        170192477882     
0010001300006U 060000000000000000000000000000000000000000000000000000000000000000000004152400000000004152400000000000000000000000000000002309202424092024            000000000000000                              000                           
0010001300007T 0601897X0000000092096 24778822400000326   700000000000032630092024000000000036596756072790000000326                0900000000000010100000000000000000000000000000000000000   000000000000000000000000004        170192477882     
0010001300008U 060000000000000000000000000000000000000000000000000000000000000000000000365960000000000365960000000000000000000000000000002309202424092024            000000000000000                              000                           
0010001300009T 0601897X0000000092096 24778822400000387   700000000000038730092024000000000033852033013190000000387                0900000000000010100000000000000000000000000000000000000   000000000000000000000000004        170192477882     
0010001300010U 060000000000000000000000000000000000000000000000000000000000000000000000338520000000000338520000000000000000000000000000002309202424092024            000000000000000                              000                           
0010001300011T 0601897X0000000092096 24778822400000456   700000000000045630092024000000000030477001031437000000456                0900000000000010020000000000000000000000000000000000000   000000000000000000000000033        170192477882     
0010001300012U 060000000000000000000000000000000000000000000000000000000000000000000000304770000000000304770000000000000000000000000000002309202424092024            000000000000000                              000                           
0010001300013T 0601897X0000000092096 24778822400000474   700000000000047430092024000000000029506033013190000000474                0900000000000010100000000000000000000000000000000000000   000000000000000000000000004        170192477882     
0010001300014U 060000000000000000000000000000000000000000000000000000000000000000000000295060000000000295060000000000000000000000000000002309202424092024            000000000000000                              000                           
0010001300015T 0601897X0000000092096 24778822400000545   700000000000054530092024000000000028170033001780000000545                0900000000000010100000000000000000000000000000000000000   000000000000000000000000004        170192477882     
0010001300016U 060000000000000000000000000000000000000000000000000000000000000000000000281700000000000281700000000000000000000000000000002309202424092024            000000000000000                              000                           
0010001300017T 0601897X0000000092096 24778822400000562   700000000000056230092024000000000027656748077570000000562                0900000000000010100000000000000000000000000000000000000   000000000000000000000000004        170192477882     
0010001300018U 060000000000000000000000000000000000000000000000000000000000000000000000276560000000000276560000000000000000000000000000002309202424092024            000000000000000                              000                           
0010001300019T 0601897X0000000092096 24778822400000595   700000000000059530092024000000000026349237025610000000595                0900000000000010100000000000000000000000000000000000000   000000000000000000000000004        170192477882     
0010001300020U 060000000000000000000000000000000000000000000000000000000000000000000000263490000000000263490000000000000000000000000000002309202424092024            000000000000000                              000                           
0010001300021T 0601897X0000000092096 24778822400000619   700000000000061930092024000000000025658237003170000000619                0900000000000010100000000000000000000000000000000000000   000000000000000000000000004        170192477882     
0010001300022U 060000000000000000000000000000000000000000000000000000000000000000000000256580000000000256580000000000000000000000000000002309202424092024            000000000000000                              000                           
0010001300023T 0601897X0000000092096 24778822400000669   700000000000066930092024000000000023931756072790000000669                0900000000000010100000000000000000000000000000000000000   000000000000000000000000004        170192477882     
0010001300024U 060000000000000000000000000000000000000000000000000000000000000000000000239310000000000239310000000000000000000000000000002309202424092024            000000000000000                              000                           
0010001300025T 0601897X0000000092096 24778822400000715   700000000000071530092024000000000022801033013190000000715                0900000000000010100000000000000000000000000000000000000   000000000000000000000000004        170192477882     
0010001300026U 060000000000000000000000000000000000000000000000000000000000000000000000228010000000000228010000000000000000000000000000002309202424092024            000000000000000                              000                           
0010001300027T 0601897X0000000092096 24778822400000725   700000000000072530092024000000000022382237000460000000725                0900000000000010100000000000000000000000000000000000000   000000000000000000000000004        170192477882     
0010001300028U 060000000000000000000000000000000000000000000000000000000000000000000000223820000000000223820000000000000000000000000000002309202424092024            000000000000000                              000                           
0010001300029T 0601897X0000000092096 24778822400000743   700000000000074330092024000000000021957001041467000000743                0900000000000010060000000000000000000000000000000000000   000000000000000000000000033        170192477882     
0010001300030U 060000000000000000000000000000000000000000000000000000000000000000000000219570000000000219570000000000000000000000000000002309202424092024            000000000000000                              000                           
0010001300031T 0601897X0000000092096 24778822400000764   700000000000076430092024000000000021472341000300000000764                0900000000000010100000000000000000000000000000000000000   000000000000000000000000004        170192477882     
0010001300032U 060000000000000000000000000000000000000000000000000000000000000000000000214720000000000214720000000000000000000000000000002309202424092024            000000000000000                              000                           
0010001300033T 0601897X0000000092096 24778822400000819   700000000000081930092024000000000019064104002780000000819                0900000000000010100000000000000000000000000000000000000   000000000000000000000000004        170192477882     
0010001300034U 060000000000000000000000000000000000000000000000000000000000000000000000190640000000000190640000000000000000000000000000002309202424092024            000000000000000                              000                           
0010001300035T 0601897X0000000092096 24778822400000854   700000000000085430092024000000000017467237002150000000854                0900000000000010100000000000000000000000000000000000000   000000000000000000000000004        170192477882     
0010001300036U 060000000000000000000000000000000000000000000000000000000000000000000000174670000000000174670000000000000000000000000000002309202424092024            000000000000000                              000                           
0010001300037T 0601897X0000000092096 24778822400000886   700000000000088630092024000000000015946756072790000000886                0900000000000010100000000000000000000000000000000000000   000000000000000000000000004        170192477882     
0010001300038U 060000000000000000000000000000000000000000000000000000000000000000000000159460000000000159460000000000000000000000000000002309202424092024            000000000000000                              000                           
0010001300039T 0601897X0000000092096 24778822400000890   700000000000089030092024000000000015694237000460000000890                0900000000000010100000000000000000000000000000000000000   000000000000000000000000004        170192477882     
0010001300040U 060000000000000000000000000000000000000000000000000000000000000000000000156940000000000156940000000000000000000000000000002309202424092024            000000000000000                              000                           
0010001300041T 0601897X0000000092096 24778822400000893   700000000000089330092024000000000015518237000460000000893                0900000000000010100000000000000000000000000000000000000   000000000000000000000000004        170192477882     
0010001300042U 060000000000000000000000000000000000000000000000000000000000000000000000155180000000000155180000000000000000000000000000002309202424092024            000000000000000                              000                           
0010001300043T 0601897X0000000092096 24778822400000927   700000000000092730092024000000000014247756072790000000927                0900000000000010100000000000000000000000000000000000000   000000000000000000000000004        170192477882     
0010001300044U 060000000000000000000000000000000000000000000000000000000000000000000000142470000000000142470000000000000000000000000000002309202424092024            000000000000000                              000                           
0010001300045T 0601897X0000000092096 24778822400001019   700000000000101930092024000000000029642033032460000001019                0900000000000010100000000000000000000000000000000000000   000000000000000000000000004        170192477882     
0010001300046U 060000000000000000000000000000000000000000000000000000000000000000000000296420000000000296420000000000000000000000000000002309202424092024            000000000000000                              000                           
0010001300047T 0601897X0000000092096 24778822400001091   700000000000109130092024000000000028725104002780000001091                0900000000000010100000000000000000000000000000000000000   000000000000000000000000004        170192477882     
0010001300048U 060000000000000000000000000000000000000000000000000000000000000000000000287250000000000287250000000000000000000000000000002309202424092024            000000000000000                              000                           
0010001300049T 0601897X0000000092096 24778822400001111   700000000000111130092024000000000027619341015780000001111                0900000000000010100000000000000000000000000000000000000   000000000000000000000000004        170192477882     
0010001300050U 060000000000000000000000000000000000000000000000000000000000000000000000276190000000000276190000000000000000000000000000002309202424092024            000000000000000                              000                           
0010001300051T 0601897X0000000092096 24778822400001171   700000000000117130092024000000000026125033013190000001171                0900000000000010100000000000000000000000000000000000000   000000000000000000000000004        170192477882     
0010001300052U 060000000000000000000000000000000000000000000000000000000000000000000000261250000000000261250000000000000000000000000000002309202424092024            000000000000000                              000                           
0010001300053T 0601897X0000000092096 24778822400001261   700000000000126130092024000000000024087104002790000001261                0900000000000010100000000000000000000000000000000000000   000000000000000000000000004        170192477882     
0010001300054U 060000000000000000000000000000000000000000000000000000000000000000000000240870000000000240870000000000000000000000000000002309202424092024            000000000000000                              000                           
0010001300055T 0601897X0000000092096 24778822400001407   700000000000140730092024000000000021909748051530000001407                0900000000000010100000000000000000000000000000000000000   000000000000000000000000004        170192477882     
0010001300056U 060000000000000000000000000000000000000000000000000000000000000000000000219090000000000219090000000000000000000000000000002309202424092024            000000000000000                              000                           
0010001300057T 0601897X0000000092096 24778822400001465   700000000000146530092024000000000020668237002150000001465                0900000000000010100000000000000000000000000000000000000   000000000000000000000000004        170192477882     
0010001300058U 060000000000000000000000000000000000000000000000000000000000000000000000206680000000000206680000000000000000000000000000002309202424092024            000000000000000                              000                           
0010001300059T 0601897X0000000092096 24778822400001578   700000000000157830092024000000000025064237002150000001578                0900000000000010100000000000000000000000000000000000000   000000000000000000000000004        170192477882     
0010001300060U 060000000000000000000000000000000000000000000000000000000000000000000000250640000000000250640000000000000000000000000000002309202424092024            000000000000000                              000                           
0010001300061T 0601897X0000000092096 24778822400001602   700000000000160230092024000000000024593341005460000001602                0900000000000010100000000000000000000000000000000000000   000000000000000000000000004        170192477882     
0010001300062U 060000000000000000000000000000000000000000000000000000000000000000000000245930000000000245930000000000000000000000000000002309202424092024            000000000000000                              000                           
0010001300063T 0601897X0000000092096 24778822400001653   700000000000165330092024000000000024397033013190000001653                0900000000000010100000000000000000000000000000000000000   000000000000000000000000004        170192477882     
0010001300064U 060000000000000000000000000000000000000000000000000000000000000000000000243970000000000243970000000000000000000000000000002309202424092024            000000000000000                              000                           
0010001300065T 0601897X0000000092096 24778822400003166   700000000000316630092024000000000112147237006050000003166                0900000000000010100000000000000000000000000000000000000   000000000000000000000000004        170192477882     
0010001300066U 060000000000000000000000000000000000000000000000000000000000000000000001121470000000001121470000000000000000000000000000002309202424092024            000000000000000                              000                           
0010001300067T 0601897X0000000092096 24778822400003982   700000000000398230092024000000000058554341083970000003982                0900000000000010100000000000000000000000000000000000000   000000000000000000000000004        170192477882     
0010001300068U 060000000000000000000000000000000000000000000000000000000000000000000000585540000000000585540000000000000000000000000000002309202424092024            000000000000000                              000                           
0010001300069T 0601897X0000000092096 24778822400004422   700000000000442230092024000000000043850033000900000004422                0900000000000010100000000000000000000000000000000000000   000000000000000000000000004        170192477882     
0010001300070U 060000000000000000000000000000000000000000000000000000000000000000000000438500000000000438500000000000000000000000000000002309202424092024            000000000000000                              000                           
0010001300071T 0601897X0000000092096 24778822400004746   700000000000474630092024000000000035960756021140000004746                0900000000000010100000000000000000000000000000000000000   000000000000000000000000004        170192477882     
0010001300072U 060000000000000000000000000000000000000000000000000000000000000000000000359600000000000359600000000000000000000000000000002309202424092024            000000000000000                              000                           
0010001300073T 0601897X0000000092096 24778822400005054   700000000000505430092024000000000031075341005250000005054                0900000000000010100000000000000000000000000000000000000   000000000000000000000000004        170192477882     
0010001300074U 060000000000000000000000000000000000000000000000000000000000000000000000310750000000000310750000000000000000000000000000002309202424092024            000000000000000                              000                           
0010001300075T 0601897X0000000092096 24778822400005106   700000000000510630092024000000000030169341002770000005106                0900000000000010100000000000000000000000000000000000000   000000000000000000000000004        170192477882     
0010001300076U 060000000000000000000000000000000000000000000000000000000000000000000000301690000000000301690000000000000000000000000000002309202424092024            000000000000000                              000                           
0010001300077T 0601897X0000000092096 24778822400005270   700000000000527030092024000000000027353341015630000005270                0900000000000010100000000000000000000000000000000000000   000000000000000000000000004        170192477882     
0010001300078U 060000000000000000000000000000000000000000000000000000000000000000000000273530000000000273530000000000000000000000000000002309202424092024            000000000000000                              000                           
0010001300079T 0601897X0000000092096 24778822400005734   700000000000573430092024000000000021400237002150000005734                0900000000000010100000000000000000000000000000000000000   000000000000000000000000004        170192477882     
0010001300080U 060000000000000000000000000000000000000000000000000000000000000000000000214000000000000214000000000000000000000000000000002309202424092024            000000000000000                              000                           
0010001300081T 0601897X0000000092096 24778822400005758   700000000000575830092024000000000021106033002810000005758                0900000000000010100000000000000000000000000000000000000   000000000000000000000000004        170192477882     
0010001300082U 060000000000000000000000000000000000000000000000000000000000000000000000211060000000000211060000000000000000000000000000002309202424092024            000000000000000                              000                           
0010001300083T 0901897X0000000092096 24778822400001165   700000000000116530092024000000000026257001003409000001165                0900000000000000000000000000000000000000000000000000000   000000000000000000000037210        170192477882     
0010001300084U 090000000000000000000000000000000000000000000000000000000000000000000000000000000000000000000000000000000000000000000000002309202400000000            000000000000000                              000                           
0010001300085T 0901897X0000000092096 24778822400001166   700000000000116631102024000000000026258001003409000001166                0900000000000000000000000000000000000000000000000000000   000000000000000000000037210        170192477882     
0010001300086U 090000000000000000000000000000000000000000000000000000000000000000000000000000000000000000000000000000000000000000000000002309202400000000            000000000000000                              000                           
0010001300087T 5201897X0000000092096 24778822400005618   700000000000561830092024000000000021956001003190000005618                0900000000000000000000000000000000000000000000000000000   000000000000000000000000000        170192477882     
0010001300088U 520000000000000000000000000000000000000000000000000000000000000000000000000000000000000000000000000000000000000000000000002309202400000000            000000000000000                              000                           
0010001300089T 5201897X0000000092096 24778822400005619   700000000000561931102024000000000021958001003190000005619                0900000000000000000000000000000000000000000000000000000   000000000000000000000000000        170192477882     
0010001300090U 520000000000000000000000000000000000000000000000000000000000000000000000000000000000000000000000000000000000000000000000002309202400000000            000000000000000                              000                           
0010001300091T 5201897X0000000092096 24778822400005620   700000000000562029112024000000000021958001003190000005620                0900000000000000000000000000000000000000000000000000000   000000000000000000000000000        170192477882     
0010001300092U 520000000000000000000000000000000000000000000000000000000000000000000000000000000000000000000000000000000000000000000000002309202400000000            000000000000000                              000                           
0010001300093T 5201897X0000000092096 24778822400005621   700000000000562119122024000000000021958001003190000005621                0900000000000000000000000000000000000000000000000000000   000000000000000000000000000        170192477882     
0010001300094U 520000000000000000000000000000000000000000000000000000000000000000000000000000000000000000000000000000000000000000000000002309202400000000            000000000000000                              000                           
0010001300095T 1401897X0000000092096 24778822400000132   700000000000013210102024000000000105396001003409000000132                0900000000000000000000000000000000000000000000000000000   000000000000000000000000000        170192477882     
0010001300096U 140000000000000000000000000000000000000000000000000000000000000000000000000000000000000000000000000000000000000000000000002309202400000000            000000000000000                              000                           
00100015         000098005717000000020744762540000000000000000000000000000000000000000000000000000000000000000000000000000000000000000000000000000                                                                                              
00199999         000001000100000000                                                                                                                                                            00000000000000000000000000000                    
