00100000         2115139610001160024778820014       01897X0000000092096 FUNDACAO AGENCIA DAS BACIAS HIBANCO DO BRASIL                         21410202402085600579303000000829973081PROCESSAMEN                                                 
00100011T0100020 20115139610001160024778820014       01897X0000000092096 FUNDACAO AGENCIA DAS BACIAS HI                                                                                000000001410202400000000  000000000                      
0010001300001T 0201897X0000000092096 24778829000008281   7000008281      3110202400000000011762600101849X000008281                0900000000000010000000000000000000000000000000000000000   0000000000000000000000496A9        170192477882     
0010001300002U 020000000000000000000000000000000000000000000000000000000000000000000000000000000000000000000000000000000000000000000000001410202400000000            000000000000000                              000                           
0010001300003T 0201897X0000000092096 24778829000008282   7000008282      31102024000000000067481001003409000008282                0900000000000010500000000000000000000000000000000000000   0000000000000000000000496A9A4      170192477882     
0010001300004U 020000000000000000000000000000000000000000000000000000000000000000000000000000000000000000000000000000000000000000000000001410202400000000            000000000000000                              000                           
0010001300005T 0201897X0000000092096 24778829000008283   7000008283      31102024000000000061996001003409000008283                0900000000000010500000000000000000000000000000000000000   0000000000000000000000496A9A4      170192477882     
0010001300006U 020000000000000000000000000000000000000000000000000000000000000000000000000000000000000000000000000000000000000000000000001410202400000000            000000000000000                              000                           
0010001300007T 0201897X0000000092096 24778829000008284   7000008284      31102024000000000055757001003409000008284                0900000000000010500000000000000000000000000000000000000   0000000000000000000000496A9A4      170192477882     
0010001300008U 020000000000000000000000000000000000000000000000000000000000000000000000000000000000000000000000000000000000000000000000001410202400000000            000000000000000                              000                           
0010001300009T 0201897X0000000092096 24778829000008285   7000008285      31102024000000000078409001001724000008285                0900000000000010500000000000000000000000000000000000000   0000000000000000000000496A9A4      170192477882     
0010001300010U 020000000000000000000000000000000000000000000000000000000000000000000000000000000000000000000000000000000000000000000000001410202400000000            000000000000000                              000                           
0010001300011T 0201897X0000000092096 24778829000008286   7000008286      29112024000000000078409001001724000008286                0900000000000010500000000000000000000000000000000000000   0000000000000000000000496A9A4      170192477882     
0010001300012U 020000000000000000000000000000000000000000000000000000000000000000000000000000000000000000000000000000000000000000000000001410202400000000            000000000000000                              000                           
0010001300013T 0201897X0000000092096 24778829000008287   7000008287      31122024000000000078409001001724000008287                0900000000000010500000000000000000000000000000000000000   0000000000000000000000496A9A4      170192477882     
0010001300014U 020000000000000000000000000000000000000000000000000000000000000000000000000000000000000000000000000000000000000000000000001410202400000000            000000000000000                              000                           
0010001300015T 0201897X0000000092096 24778829000008288   7000008288      31012025000000000078409001001724000008288                0900000000000010500000000000000000000000000000000000000   0000000000000000000000496A9A4      170192477882     
0010001300016U 020000000000000000000000000000000000000000000000000000000000000000000000000000000000000000000000000000000000000000000000001410202400000000            000000000000000                              000                           
0010001300017T 0201897X0000000092096 24778829000008289   7000008289      28022025000000000078409001001724000008289                0900000000000010500000000000000000000000000000000000000   0000000000000000000000496A9A4      170192477882     
0010001300018U 020000000000000000000000000000000000000000000000000000000000000000000000000000000000000000000000000000000000000000000000001410202400000000            000000000000000                              000                           
0010001300019T 0201897X0000000092096 24778829000008290   7000008290      31032025000000000078409001001724000008290                0900000000000010500000000000000000000000000000000000000   0000000000000000000000496A9A4      170192477882     
0010001300020U 020000000000000000000000000000000000000000000000000000000000000000000000000000000000000000000000000000000000000000000000001410202400000000            000000000000000                              000                           
0010001300021T 0201897X0000000092096 24778829000008291   7000008291      30042025000000000078409001001724000008291                0900000000000010500000000000000000000000000000000000000   0000000000000000000000496A9A4      170192477882     
0010001300022U 020000000000000000000000000000000000000000000000000000000000000000000000000000000000000000000000000000000000000000000000001410202400000000            000000000000000                              000                           
0010001300023T 0201897X0000000092096 24778829000008292   7000008292      30052025000000000078409001001724000008292                0900000000000010500000000000000000000000000000000000000   0000000000000000000000496A9A4      170192477882     
0010001300024U 020000000000000000000000000000000000000000000000000000000000000000000000000000000000000000000000000000000000000000000000001410202400000000            000000000000000                              000                           
0010001300025T 0201897X0000000092096 24778829000008293   7000008293      30062025000000000078409001001724000008293                0900000000000010500000000000000000000000000000000000000   0000000000000000000000496A9A4      170192477882     
0010001300026U 020000000000000000000000000000000000000000000000000000000000000000000000000000000000000000000000000000000000000000000000001410202400000000            000000000000000                              000                           
0010001300027T 0201897X0000000092096 24778829000008294   7000008294      31072025000000000078409001001724000008294                0900000000000010500000000000000000000000000000000000000   0000000000000000000000496A9A4      170192477882     
0010001300028U 020000000000000000000000000000000000000000000000000000000000000000000000000000000000000000000000000000000000000000000000001410202400000000            000000000000000                              000                           
0010001300029T 0201897X0000000092096 24778829000008295   7000008295      31102024000000000260717001000566000008295                0900000000000010000000000000000000000000000000000000000   0000000000000000000000496A9        170192477882     
0010001300030U 020000000000000000000000000000000000000000000000000000000000000000000000000000000000000000000000000000000000000000000000001410202400000000            000000000000000                              000                           
0010001300031T 0201897X0000000092096 24778829000008296   7000008296      31102024000000000118079001009946000008296                0900000000000010000000000000000000000000000000000000000   0000000000000000000000496A9        170192477882     
0010001300032U 020000000000000000000000000000000000000000000000000000000000000000000000000000000000000000000000000000000000000000000000001410202400000000            000000000000000                              000                           
0010001300033T 0601897X0000000092096 24778822400000057   70000000000000571410202400000000024800700101897X000000057                0900000000000010090000000000000000000000000000000000000   000000000000000000000000006        170192477882     
0010001300034U 060000000000000000000000000000000000000000000000000000000000000000000002480070000000002480070000000000000000000000000000001410202415102024            000000000000000                              000                           
0010001300035T 0601897X0000000092096 24778822400000480   700000000000048030092024000000000029277341056290000000480                0900000000000010100000000000000000000000000000000000000   000000000000000000000000004        170192477882     
0010001300036U 060000000000007210000000000000000000000000000000000000000000000000000000299980000000000299980000000000000000000000000000001410202415102024            000000000000000                              000                           
0010001300037T 0601897X0000000092096 24778822400000543   700000000000054330092024000000000028259748051530000000543                0900000000000010100000000000000000000000000000000000000   000000000000000000000000004        170192477882     
0010001300038U 060000000000006960000000000000000000000000000000000000000000000000000000289550000000000289550000000000000000000000000000001410202415102024            000000000000000                              000                           
0010001300039T 0601897X0000000092096 24778822400001218   700000000000121831102024000000000025116341000140000001218                0900000000000010100000000000000000000000000000000000000   000000000000000000000000004        170192477882     
0010001300040U 060000000000000000000000000000000000000000000000000000000000000000000000251160000000000251160000000000000000000000000000001410202415102024            000000000000000                              000                           
0010001300041T 0601897X0000000092096 24778822400001918   700000000000191831102024000000000021171341064580000001918                0900000000000010100000000000000000000000000000000000000   000000000000000000000000004        170192477882     
0010001300042U 060000000000000000000000000000000000000000000000000000000000000000000000211710000000000211710000000000000000000000000000001410202415102024            000000000000000                              000                           
0010001300043T 0601897X0000000092096 24778822400003499   700000000000349931102024000000000080239237031510000003499                0900000000000010100000000000000000000000000000000000000   000000000000000000000000004        170192477882     
0010001300044U 060000000000000000000000000000000000000000000000000000000000000000000000802390000000000802390000000000000000000000000000001410202415102024            000000000000000                              000                           
0010001300045T 0601897X0000000092096 24778822400003699   700000000000369931102024000000000070430237019150000003699                0900000000000010100000000000000000000000000000000000000   000000000000000000000000004        170192477882     
0010001300046U 060000000000000000000000000000000000000000000000000000000000000000000000704300000000000704300000000000000000000000000000001410202415102024            000000000000000                              000                           
0010001300047T 0601897X0000000092096 24778829000008268   7000008268      15102024000000000022453341014030000008268                0900000000000010100000000000000000000000000000000000000   000000000000000000000000004        170192477882     
0010001300048U 060000000000000000000000000000000000000000000000000000000000000000000000224530000000000224530000000000000000000000000000001410202415102024            000000000000000                              000                           
0010001300049T 0601897X0000000092096 24778829000008273   7000008273      15102024000000000059033104002750000008273                0900000000000010100000000000000000000000000000000000000   000000000000000000000000004        170192477882     
0010001300050U 060000000000000000000000000000000000000000000000000000000000000000000000590330000000000590330000000000000000000000000000001410202415102024            000000000000000                              000                           
0010001300051T 0901897X0000000092096 24778822400002711   700000000000271131102024000000000196250001001678000002711                0900000000000000000000000000000000000000000000000000000   000000000000000000000037210        170192477882     
0010001300052U 090000000000000000000000000000000000000000000000000000000000000000000000000000000000000000000000000000000000000000000000001410202400000000            000000000000000                              000                           
0010001300053T 0901897X0000000092096 24778822400002712   700000000000271229112024000000000196250001001678000002712                0900000000000000000000000000000000000000000000000000000   000000000000000000000037210        170192477882     
0010001300054U 090000000000000000000000000000000000000000000000000000000000000000000000000000000000000000000000000000000000000000000000001410202400000000            000000000000000                              000                           
0010001300055T 0901897X0000000092096 24778822400002713   700000000000271319122024000000000196250001001678000002713                0900000000000000000000000000000000000000000000000000000   000000000000000000000037210        170192477882     
0010001300056U 090000000000000000000000000000000000000000000000000000000000000000000000000000000000000000000000000000000000000000000000001410202400000000            000000000000000                              000                           
0010001300057T 1401897X0000000092096 24778822400001243   70000000000012431810202400000000002463700101513X000001243                0900000000000000000000000000000000000000000000000000000   000000000000000000000000000        170192477882     
0010001300058U 140000000000000000000000000000000000000000000000000000000000000000000000000000000000000000000000000000000000000000000000001410202400000000            000000000000000                              000                           
0010001300059T 1401897X0000000092096 24778822400004678   70000000000046781810202400000000003659500101849X000004678                0900000000000000000000000000000000000000000000000000000   000000000000000000000000000        170192477882     
0010001300060U 140000000000000000000000000000000000000000000000000000000000000000000000000000000000000000000000000000000000000000000000001410202400000000            000000000000000                              000                           
0010001300061T 1401897X0000000092096 24778822400005418   70000000000054181810202400000000002492400101849X000005418                0900000000000000000000000000000000000000000000000000000   000000000000000000000000000        170192477882     
0010001300062U 140000000000000000000000000000000000000000000000000000000000000000000000000000000000000000000000000000000000000000000000001410202400000000            000000000000000                              000                           
00100015         000064004177000000015345912160000000000000000000000000000000000000000000000000000000000000000000000000000000000000000000000000000                                                                                              
00199999         000001000066000000                                                                                                                                                            00000000000000000000000000000                    
