00100000         2115139610001160024778820014       01897X0000000092096 FUNDACAO AGENCIA DAS BACIAS HIBANCO DO BRASIL                         21505202402033000561603000000829973081PROCESSAMEN                                                 
00100011T0100020 20115139610001160024778820014       01897X0000000092096 FUNDACAO AGENCIA DAS BACIAS HI                                                                                000000001505202400000000  000000000                      
0010001300001T 0201897X0000000092096 24778829000008087   7000008087      3105202400000000021861300101849X000008087                0900000000000010000000000000000000000000000000000000000   0000000000000000000000496A9        170192477882     
0010001300002U 020000000000000000000000000000000000000000000000000000000000000000000000000000000000000000000000000000000000000000000000001505202400000000            000000000000000                              000                           
0010001300003T 0201897X0000000092096 24778829000008088   7000008088      2806202400000000021861300101849X000008088                0900000000000010000000000000000000000000000000000000000   0000000000000000000000496A9        170192477882     
0010001300004U 020000000000000000000000000000000000000000000000000000000000000000000000000000000000000000000000000000000000000000000000001505202400000000            000000000000000                              000                           
0010001300005T 0201897X0000000092096 24778829000008089   7000008089      3107202400000000021861300101849X000008089                0900000000000010000000000000000000000000000000000000000   0000000000000000000000496A9        170192477882     
0010001300006U 020000000000000000000000000000000000000000000000000000000000000000000000000000000000000000000000000000000000000000000000001505202400000000            000000000000000                              000                           
0010001300007T 0201897X0000000092096 24778829000008090   7000008090      3008202400000000021861300101849X000008090                0900000000000010000000000000000000000000000000000000000   0000000000000000000000496A9        170192477882     
0010001300008U 020000000000000000000000000000000000000000000000000000000000000000000000000000000000000000000000000000000000000000000000001505202400000000            000000000000000                              000                           
00100015         000010000035000000000672230570000000000000000000000000000000000000000000000000000000000000000000000000000000000000000000000000000                                                                                              
00199999         000001000012000000                                                                                                                                                            00000000000000000000000000000                    
