00100000         2115139610001160024778820014       01897X0000000092096 FUNDACAO AGENCIA DAS BACIAS HIBANCO DO BRASIL                         21411202402065200583903000000829973081PROCESSAMEN                                                 
00100011T0100020 20115139610001160024778820014       01897X0000000092096 FUNDACAO AGENCIA DAS BACIAS HI                                                                                000000001411202400000000  000000000                      
0010001300001T 0201897X0000000092096 24778829000008400   7000008400      29112024000000000245616001001724000008400                0900000000000010000000000000000000000000000000000000000   0000000000000000000000496A9        170192477882     
0010001300002U 020000000000000000000000000000000000000000000000000000000000000000000000000000000000000000000000000000000000000000000000001411202400000000            000000000000000                              000                           
0010001300003T 0201897X0000000092096 24778829000008401   7000008401      29112024000000000218134001009296000008401                0900000000000010000000000000000000000000000000000000000   0000000000000000000000496A9        170192477882     
0010001300004U 020000000000000000000000000000000000000000000000000000000000000000000000000000000000000000000000000000000000000000000000001411202400000000            000000000000000                              000                           
0010001300005T 0601897X0000000092096 24778822400002452   700000000000245229112024000000000323746237003330000002452                0900000000000010100000000000000000000000000000000000000   000000000000000000000000004        170192477882     
0010001300006U 060000000000000000000000000000000000000000000000000000000000000000000003237460000000003237460000000000000000000000000000001411202418112024            000000000000000                              000                           
0010001300007T 0601897X0000000092096 24778822400003628   700000000000362829112024000000000073108748051200000003628                0900000000000010100000000000000000000000000000000000000   000000000000000000000000004        170192477882     
0010001300008U 060000000000000000000000000000000000000000000000000000000000000000000000731080000000000731080000000000000000000000000000001411202418112024            000000000000000                              000                           
0010001300009T 0601897X0000000092096 24778822400004600   700000000000460029112024000000000038601341002800000004600                0900000000000010100000000000000000000000000000000000000   000000000000000000000000004        170192477882     
0010001300010U 060000000000000000000000000000000000000000000000000000000000000000000000386010000000000386010000000000000000000000000000001411202418112024            000000000000000                              000                           
0010001300011T 0601897X0000000092096 24778822400004976   700000000000497629112024000000000032351033032440000004976                0900000000000010100000000000000000000000000000000000000   000000000000000000000000004        170192477882     
0010001300012U 060000000000000000000000000000000000000000000000000000000000000000000000323510000000000323510000000000000000000000000000001411202418112024            000000000000000                              000                           
0010001300013T 0601897X0000000092096 24778822400005760   700000000000576029112024000000000021105033002810000005760                0900000000000010100000000000000000000000000000000000000   000000000000000000000000004        170192477882     
0010001300014U 060000000000000000000000000000000000000000000000000000000000000000000000211050000000000211050000000000000000000000000000001411202418112024            000000000000000                              000                           
0010001300015T 0601897X0000000092096 24778829000008391   7000008391      29112024000000000424661033044140000008391                0900000000000010100000000000000000000000000000000000000   000000000000000000000000004        170192477882     
0010001300016U 060000000000000000000000000000000000000000000000000000000000000000000004246610000000004246610000000000000000000000000000001411202418112024            000000000000000                              000                           
0010001300017T 0901897X0000000092096 24778822400000122   700000000000012210102024000000000114618001009946000000122                0900000000000000000000000000000000000000000000000000000   000000000000000000000037209        170192477882     
0010001300018U 090000000000000000000000000000000000000000000000000000000000000000000000000000000000000000000000000000000000000000000000001411202400000000            000000000000000                              000                           
00100015         000020002464000000010035375260000000000000000000000000000000000000000000000000000000000000000000000000000000000000000000000000000                                                                                              
00199999         000001000022000000                                                                                                                                                            00000000000000000000000000000                    
