00100000         2115139610001160024778820014       01897X0000000092096 FUNDACAO AGENCIA DAS BACIAS HIBANCO DO BRASIL                         20710202402070700578303000000829973081PROCESSAMEN                                                 
00100011T0100020 20115139610001160024778820014       01897X0000000092096 FUNDACAO AGENCIA DAS BACIAS HI                                                                                000000000710202400000000  000000000                      
0010001300001T 0201897X0000000092096 24778829000008261   7000008261      31102024000000000016501001004154000008261                0900000000000010000000000000000000000000000000000000000   0000000000000000000000496A9        170192477882     
0010001300002U 020000000000000000000000000000000000000000000000000000000000000000000000000000000000000000000000000000000000000000000000000710202400000000            000000000000000                              000                           
0010001300003T 0201897X0000000092096 24778829000008262   7000008262      31102024000000000076903001003409000008262                0900000000000010500000000000000000000000000000000000000   0000000000000000000000496A9A4      170192477882     
0010001300004U 020000000000000000000000000000000000000000000000000000000000000000000000000000000000000000000000000000000000000000000000000710202400000000            000000000000000                              000                           
0010001300005T 0601897X0000000092096 24778822400000009   700000000000000907102024000000001086374341009120000000009                0900000000000010100000000000000000000000000000000000000   000000000000000000000000004        170192477882     
0010001300006U 060000000000000000000000000000000000000000000000000000000000000000000010863740000000010863740000000000000000000000000000000710202408102024            000000000000000                              000                           
0010001300007T 0601897X0000000092096 24778822400000018   70000000000000180710202400000000067336300103360X000000018                0900000000000010090000000000000000000000000000000000000   000000000000000000000000006        170192477882     
0010001300008U 060000000000000000000000000000000000000000000000000000000000000000000006733630000000006733630000000000000000000000000000000710202408102024            000000000000000                              000                           
0010001300009T 0601897X0000000092096 24778822400000337   700000000000033707102024000000000036398341000410000000337                0900000000000010100000000000000000000000000000000000000   000000000000000000000000004        170192477882     
0010001300010U 060000000000000000000000000000000000000000000000000000000000000000000000363980000000000363980000000000000000000000000000000710202408102024            000000000000000                              000                           
0010001300011T 0601897X0000000092096 24778822400000361   700000000000036107102024000000000035132237004030000000361                0900000000000010100000000000000000000000000000000000000   000000000000000000000000004        170192477882     
0010001300012U 060000000000000000000000000000000000000000000000000000000000000000000000351320000000000351320000000000000000000000000000000710202408102024            000000000000000                              000                           
0010001300013T 0601897X0000000092096 24778822400000439   700000000000043907102024000000000030964341005460000000439                0900000000000010100000000000000000000000000000000000000   000000000000000000000000004        170192477882     
0010001300014U 060000000000000000000000000000000000000000000000000000000000000000000000309640000000000309640000000000000000000000000000000710202408102024            000000000000000                              000                           
0010001300015T 0601897X0000000092096 24778822400000488   700000000000048830092024000000000029277341083280000000488                0900000000000010100000000000000000000000000000000000000   000000000000000000000000004        170192477882     
0010001300016U 060000000000006530000000000000000000000000000000000000000000000000000000299300000000000299300000000000000000000000000000000710202408102024            000000000000000                              000                           
0010001300017T 0601897X0000000092096 24778822400000650   700000000000065004102024000000000024623341048710000000650                0900000000000010100000000000000000000000000000000000000   000000000000000000000000004        170192477882     
0010001300018U 060000000000005160000000000000000000000000000000000000000000000000000000251390000000000251390000000000000000000000000000000710202408102024            000000000000000                              000                           
0010001300019T 0601897X0000000092096 24778822400001704   700000000000170405102024000000000023855033036800000001704                0900000000000010100000000000000000000000000000000000000   000000000000000000000000004        170192477882     
0010001300020U 060000000000000000000000000000000000000000000000000000000000000000000000238550000000000238550000000000000000000000000000000710202408102024            000000000000000                              000                           
0010001300021T 0601897X0000000092096 24778822400002367   700000000000236731102024000000000396398237030410000002367                0900000000000010100000000000000000000000000000000000000   000000000000000000000000004        170192477882     
0010001300022U 060000000000000000000000000000000000000000000000000000000000000000000003963980000000003963980000000000000000000000000000000710202408102024            000000000000000                              000                           
0010001300023T 0601897X0000000092096 24778822400002578   700000000000257807102024000000000242144341003100000002578                0900000000000010100000000000000000000000000000000000000   000000000000000000000000004        170192477882     
0010001300024U 060000000000000000000000000000000000000000000000000000000000000000000002421440000000002421440000000000000000000000000000000710202408102024            000000000000000                              000                           
0010001300025T 0601897X0000000092096 24778822400003003   700000000000300331102024000000000130966237035050000003003                0900000000000010100000000000000000000000000000000000000   000000000000000000000000004        170192477882     
0010001300026U 060000000000000000000000000000000000000000000000000000000000000000000001309660000000001309660000000000000000000000000000000710202408102024            000000000000000                              000                           
0010001300027T 0601897X0000000092096 24778822400003526   700000000000352607102024000000000078884341020000000003526                0900000000000010100000000000000000000000000000000000000   000000000000000000000000004        170192477882     
0010001300028U 060000000000000000000000000000000000000000000000000000000000000000000000788840000000000788840000000000000000000000000000000710202408102024            000000000000000                              000                           
0010001300029T 0601897X0000000092096 24778822400003607   700000000000360731102024000000000073192237013400000003607                0900000000000010100000000000000000000000000000000000000   000000000000000000000000004        170192477882     
0010001300030U 060000000000000000000000000000000000000000000000000000000000000000000000731920000000000731920000000000000000000000000000000710202408102024            000000000000000                              000                           
0010001300031T 0601897X0000000092096 24778822400004150   700000000000415007102024000000000053590033044280000004150                0900000000000010100000000000000000000000000000000000000   000000000000000000000000004        170192477882     
0010001300032U 060000000000000000000000000000000000000000000000000000000000000000000000535900000000000535900000000000000000000000000000000710202408102024            000000000000000                              000                           
0010001300033T 0601897X0000000092096 24778822400004226   700000000000422630092024000000000051235756038430000004226                0900000000000010100000000000000000000000000000000000000   000000000000000000000000004        170192477882     
0010001300034U 060000000000011430000000000000000000000000000000000000000000000000000000523780000000000523780000000000000000000000000000000710202408102024            000000000000000                              000                           
0010001300035T 0601897X0000000092096 24778822400004582   700000000000458230092024000000000039012748054060000004582                0900000000000010100000000000000000000000000000000000000   000000000000000000000000004        170192477882     
0010001300036U 060000000000008700000000000000000000000000000000000000000000000000000000398830000000000398830000000000000000000000000000010710202408102024            000000000000000                              000                           
0010001300037T 0601897X0000000092096 24778822400004583   700000000000458331102024000000000039011748054060000004583                0900000000000010100000000000000000000000000000000000000   000000000000000000000000004        170192477882     
0010001300038U 060000000000000000000000000000000000000000000000000000000000000000000000390110000000000390110000000000000000000000000000000710202408102024            000000000000000                              000                           
0010001300039T 0601897X0000000092096 24778822400004774   700000000000477407102024000000000035286341006580000004774                0900000000000010100000000000000000000000000000000000000   000000000000000000000000004        170192477882     
0010001300040U 060000000000000000000000000000000000000000000000000000000000000000000000352860000000000352860000000000000000000000000000000710202408102024            000000000000000                              000                           
0010001300041T 0901897X0000000092096 24778822400000261   700000000000026130092024000000000043037001004154000000261                0900000000000000000000000000000000000000000000000000000   000000000000000000000037210        170192477882     
0010001300042U 090000000000000000000000000000000000000000000000000000000000000000000000000000000000000000000000000000000000000000000000000710202400000000            000000000000000                              000                           
0010001300043T 0901897X0000000092096 24778822400001698   700000000000169830092024000000000023900001004154000001698                0900000000000000000000000000000000000000000000000000000   000000000000000000000037210        170192477882     
0010001300044U 090000000000000000000000000000000000000000000000000000000000000000000000000000000000000000000000000000000000000000000000000710202400000000            000000000000000                              000                           
0010001300045T 0901897X0000000092096 24778822400001699   700000000000169931102024000000000023899001004154000001699                0900000000000000000000000000000000000000000000000000000   000000000000000000000037210        170192477882     
0010001300046U 090000000000000000000000000000000000000000000000000000000000000000000000000000000000000000000000000000000000000000000000000710202400000000            000000000000000                              000                           
0010001300047T 0901897X0000000092096 24778822400001700   700000000000170029112024000000000023899001004154000001700                0900000000000000000000000000000000000000000000000000000   000000000000000000000037210        170192477882     
0010001300048U 090000000000000000000000000000000000000000000000000000000000000000000000000000000000000000000000000000000000000000000000000710202400000000            000000000000000                              000                           
0010001300049T 0901897X0000000092096 24778822400003263   700000000000326331102024000000000104627001000566000003263                0900000000000000000000000000000000000000000000000000000   000000000000000000000037210        170192477882     
0010001300050U 090000000000000000000000000000000000000000000000000000000000000000000000000000000000000000000000000000000000000000000000000710202400000000            000000000000000                              000                           
0010001300051T 0901897X0000000092096 24778822400003264   700000000000326429112024000000000104627001000566000003264                0900000000000000000000000000000000000000000000000000000   000000000000000000000037210        170192477882     
0010001300052U 090000000000000000000000000000000000000000000000000000000000000000000000000000000000000000000000000000000000000000000000000710202400000000            000000000000000                              000                           
0010001300053T 0901897X0000000092096 24778822400003265   700000000000326519122024000000000104627001000566000003265                0900000000000000000000000000000000000000000000000000000   000000000000000000000037210        170192477882     
0010001300054U 090000000000000000000000000000000000000000000000000000000000000000000000000000000000000000000000000000000000000000000000000710202400000000            000000000000000                              000                           
0010001300055T 5201897X0000000092096 24778829000008258   7000008258      31102024000000000074129001003018000008258                0900000000000000000000000000000000000000000000000000000   000000000000000000000000000        170192477882     
0010001300056U 520000000000000000000000000000000000000000000000000000000000000000000000000000000000000000000000000000000000000000000000000710202400000000            000000000000000                              000                           
0010001300057T 1401897X0000000092096 24778822400001941   70000000000019411110202400000000002053900101849X000001941                0900000000000000000000000000000000000000000000000000000   000000000000000000000000000        170192477882     
0010001300058U 140000000000000000000000000000000000000000000000000000000000000000000000000000000000000000000000000000000000000000000000000710202400000000            000000000000000                              000                           
0010001300059T 1401897X0000000092096 24778822400002166   700000000000216610102024000000001250273001009903000002166                0900000000000000000000000000000000000000000000000000000   000000000000000000000000000        170192477882     
0010001300060U 140000000000000000000000000000000000000000000000000000000000000000000000000000000000000000000000000000000000000000000000000710202400000000            000000000000000                              000                           
0010001300061T 1401897X0000000092096 24778822400002594   700000000000259411102024000000000234213001003018000002594                0900000000000000000000000000000000000000000000000000000   000000000000000000000000000        170192477882     
0010001300062U 140000000000000000000000000000000000000000000000000000000000000000000000000000000000000000000000000000000000000000000000000710202400000000            000000000000000                              000                           
0010001300063T 1401897X0000000092096 24778822400003402   700000000000340211102024000000000087830001001724000003402                0900000000000000000000000000000000000000000000000000000   000000000000000000000000000        170192477882     
0010001300064U 140000000000000000000000000000000000000000000000000000000000000000000000000000000000000000000000000000000000000000000000000710202400000000            000000000000000                              000                           
00100015         000066004217000000015491578920000000000000000000000000000000000000000000000000000000000000000000000000000000000000000000000000000                                                                                              
00199999         000001000068000000                                                                                                                                                            00000000000000000000000000000                    
