00100000         2115139610001160024778820014       01897X0000000092096 FUNDACAO AGENCIA DAS BACIAS HIBANCO DO BRASIL                         22110202402081000580303000000829973081PROCESSAMEN                                                 
00100011T0100020 20115139610001160024778820014       01897X0000000092096 FUNDACAO AGENCIA DAS BACIAS HI                                                                                000000002110202400000000  000000000                      
0010001300001T 0201897X0000000092096 24778829000008315   7000008315      31102024000000000021703001009903000008315                0900000000000010500000000000000000000000000000000000000   0000000000000000000000496A9A4      170192477882     
0010001300002U 020000000000000000000000000000000000000000000000000000000000000000000000000000000000000000000000000000000000000000000000002110202400000000            000000000000000                              000                           
0010001300003T 0201897X0000000092096 24778829000008316   7000008316      31102024000000000331768001000094000008316                0900000000000010000000000000000000000000000000000000000   0000000000000000000000496A9        170192477882     
0010001300004U 020000000000000000000000000000000000000000000000000000000000000000000000000000000000000000000000000000000000000000000000002110202400000000            000000000000000                              000                           
0010001300005T 0601897X0000000092096 24778822400001020   700000000000102031102024000000000029643033032460000001020                0900000000000010100000000000000000000000000000000000000   000000000000000000000000004        170192477882     
0010001300006U 060000000000000000000000000000000000000000000000000000000000000000000000296430000000000296430000000000000000000000000000002110202422102024            000000000000000                              000                           
0010001300007T 0601897X0000000092096 24778822400001024   700000000000102431102024000000000029433509000010000001024                0900000000000010100000000000000000000000000000000000000   000000000000000000000000004        170192477882     
0010001300008U 060000000000000000000000000000000000000000000000000000000000000000000000294330000000000294330000000000000000000000000000002110202422102024            000000000000000                              000                           
0010001300009T 0601897X0000000092096 24778822400001112   700000000000111231102024000000000027619341015780000001112                0900000000000010100000000000000000000000000000000000000   000000000000000000000000004        170192477882     
0010001300010U 060000000000000000000000000000000000000000000000000000000000000000000000276190000000000276190000000000000000000000000000002110202422102024            000000000000000                              000                           
0010001300011T 0601897X0000000092096 24778822400001172   700000000000117231102024000000000026125033013190000001172                0900000000000010100000000000000000000000000000000000000   000000000000000000000000004        170192477882     
0010001300012U 060000000000000000000000000000000000000000000000000000000000000000000000261250000000000261250000000000000000000000000000002110202422102024            000000000000000                              000                           
0010001300013T 0601897X0000000092096 24778822400001358   700000000000135831102024000000000021957341009120000001358                0900000000000010100000000000000000000000000000000000000   000000000000000000000000004        170192477882     
0010001300014U 060000000000000000000000000000000000000000000000000000000000000000000000219570000000000219570000000000000000000000000000002110202422102024            000000000000000                              000                           
0010001300015T 0601897X0000000092096 24778822400001408   700000000000140831102024000000000021909756072790000001408                0900000000000010100000000000000000000000000000000000000   000000000000000000000000004        170192477882     
0010001300016U 060000000000000000000000000000000000000000000000000000000000000000000000219090000000000219090000000000000000000000000000002110202422102024            000000000000000                              000                           
0010001300017T 0601897X0000000092096 24778822400001603   700000000000160331102024000000000024592341005460000001603                0900000000000010100000000000000000000000000000000000000   000000000000000000000000004        170192477882     
0010001300018U 060000000000000000000000000000000000000000000000000000000000000000000000245920000000000245920000000000000000000000000000002110202422102024            000000000000000                              000                           
0010001300019T 0601897X0000000092096 24778822400001654   700000000000165431102024000000000024397033013190000001654                0900000000000010100000000000000000000000000000000000000   000000000000000000000000004        170192477882     
0010001300020U 060000000000000000000000000000000000000000000000000000000000000000000000243970000000000243970000000000000000000000000000002110202422102024            000000000000000                              000                           
0010001300021T 0601897X0000000092096 24778822400001662   700000000000166230092024000000000024397341002770000001662                0900000000000010100000000000000000000000000000000000000   000000000000000000000000004        170192477882     
0010001300022U 060000000000006570000000000000000000000000000000000000000000000000000000250540000000000250540000000000000000000000000000002110202422102024            000000000000000                              000                           
0010001300023T 0601897X0000000092096 24778822400002127   700000000000212731102024000000001860980104030800000002127                0900000000000010100000000000000000000000000000000000000   000000000000000000000000004        170192477882     
0010001300024U 060000000000000000000000000000000000000000000000000000000000000000000018609800000000018609800000000000000000000000000000002110202422102024            000000000000000                              000                           
0010001300025T 0601897X0000000092096 24778822400003043   700000000000304331102024000000000128015509000010000003043                0900000000000010100000000000000000000000000000000000000   000000000000000000000000004        170192477882     
0010001300026U 060000000000000000000000000000000000000000000000000000000000000000000001280150000000001280150000000000000000000000000000002110202422102024            000000000000000                              000                           
0010001300027T 0601897X0000000092096 24778822400003947   700000000000394731102024000000000059193341000300000003947                0900000000000010100000000000000000000000000000000000000   000000000000000000000000004        170192477882     
0010001300028U 060000000000000000000000000000000000000000000000000000000000000000000000591930000000000591930000000000000000000000000000002110202422102024            000000000000000                              000                           
0010001300029T 0601897X0000000092096 24778822400004303   700000000000430331102024000000000047575033003920000004303                0900000000000010100000000000000000000000000000000000000   000000000000000000000000004        170192477882     
0010001300030U 060000000000000000000000000000000000000000000000000000000000000000000000475750000000000475750000000000000000000000000000002110202422102024            000000000000000                              000                           
0010001300031T 0601897X0000000092096 24778822400004535   700000000000453531102024000000000040255237023930000004535                0900000000000010100000000000000000000000000000000000000   000000000000000000000000004        170192477882     
0010001300032U 060000000000000000000000000000000000000000000000000000000000000000000000402550000000000402550000000000000000000000000000002110202422102024            000000000000000                              000                           
0010001300033T 0601897X0000000092096 24778822400004747   700000000000474731102024000000000035962756021140000004747                0900000000000010100000000000000000000000000000000000000   000000000000000000000000004        170192477882     
0010001300034U 060000000000000000000000000000000000000000000000000000000000000000000000359620000000000359620000000000000000000000000000002110202422102024            000000000000000                              000                           
0010001300035T 0601897X0000000092096 24778822400004827   700000000000482731102024000000000034254341000280000004827                0900000000000010100000000000000000000000000000000000000   000000000000000000000000004        170192477882     
0010001300036U 060000000000000000000000000000000000000000000000000000000000000000000000342540000000000342540000000000000000000000000000002110202422102024            000000000000000                              000                           
0010001300037T 0601897X0000000092096 24778822400004963   700000000000496331102024000000000032594341009120000004963                0900000000000010100000000000000000000000000000000000000   000000000000000000000000004        170192477882     
0010001300038U 060000000000000000000000000000000000000000000000000000000000000000000000325940000000000325940000000000000000000000000000002110202422102024            000000000000000                              000                           
0010001300039T 0601897X0000000092096 24778822400005271   700000000000527131102024000000000027354341015630000005271                0900000000000010100000000000000000000000000000000000000   000000000000000000000000004        170192477882     
0010001300040U 060000000000000000000000000000000000000000000000000000000000000000000000273540000000000273540000000000000000000000000000002110202422102024            000000000000000                              000                           
0010001300041T 0601897X0000000092096 24778822400005357   700000000000535719122024000000000025617033000100000005357                0900000000000010100000000000000000000000000000000000000   000000000000000000000000004        170192477882     
0010001300042U 060000000000000000000000000000000000000000000000000000000000000000000000256170000000000256170000000000000000000000000000002110202422102024            000000000000000                              000                           
0010001300043T 0601897X0000000092096 24778822400005735   700000000000573531102024000000000021399237002150000005735                0900000000000010100000000000000000000000000000000000000   000000000000000000000000004        170192477882     
0010001300044U 060000000000000000000000000000000000000000000000000000000000000000000000213990000000000213990000000000000000000000000000002110202422102024            000000000000000                              000                           
00100015         000046004115000000015089330180000000000000000000000000000000000000000000000000000000000000000000000000000000000000000000000000000                                                                                              
00199999         000001000048000000                                                                                                                                                            00000000000000000000000000000                    
