00100000         2115139610001160024778820014       01897X0000000092096 FUNDACAO AGENCIA DAS BACIAS HIBANCO DO BRASIL                         21811202402132700584103000000829973081PROCESSAMEN                                                 
00100011T0100020 20115139610001160024778820014       01897X0000000092096 FUNDACAO AGENCIA DAS BACIAS HI                                                                                000000001811202400000000  000000000                      
0010001300001T 0201897X0000000092096 24778829000008402   7000008402      29112024000000000067863001009903000008402                0900000000000010000000000000000000000000000000000000000   0000000000000000000000496A9        170192477882     
0010001300002U 020000000000000000000000000000000000000000000000000000000000000000000000000000000000000000000000000000000000000000000000001811202400000000            000000000000000                              000                           
0010001300003T 0201897X0000000092096 24778829000008403   7000008403      2911202400000000011728100101849X000008403                0900000000000010500000000000000000000000000000000000000   0000000000000000000000496A9A4      170192477882     
0010001300004U 020000000000000000000000000000000000000000000000000000000000000000000000000000000000000000000000000000000000000000000000001811202400000000            000000000000000                              000                           
0010001300005T 0201897X0000000092096 24778829000008404   7000008404      29112024000000000257648001066583000008404                0900000000000010000000000000000000000000000000000000000   0000000000000000000000496A9        170192477882     
0010001300006U 020000000000000000000000000000000000000000000000000000000000000000000000000000000000000000000000000000000000000000000000001811202400000000            000000000000000                              000                           
0010001300007T 0201897X0000000092096 24778829000008405   7000008405      29112024000000000043650001001724000008405                0900000000000010500000000000000000000000000000000000000   0000000000000000000000496A9A4      170192477882     
0010001300008U 020000000000000000000000000000000000000000000000000000000000000000000000000000000000000000000000000000000000000000000000001811202400000000            000000000000000                              000                           
0010001300009T 0601897X0000000092096 24778822400001754   700000000000175429112024000000000023295341004450000001754                0900000000000010100000000000000000000000000000000000000   000000000000000000000000004        170192477882     
0010001300010U 060000000000000000000000000000000000000000000000000000000000000000000000232950000000000232950000000000000000000000000000001811202419112024            000000000000000                              000                           
0010001300011T 0601897X0000000092096 24778822400003008   700000000000300829112024000000000130965033046050000003008                0900000000000010100000000000000000000000000000000000000   000000000000000000000000004        170192477882     
0010001300012U 060000000000000000000000000000000000000000000000000000000000000000000001309650000000001309650000000000000000000000000000001811202419112024            000000000000000                              000                           
0010001300013T 0601897X0000000092096 24778822400003212   700000000000321229112024000000000109788033032440000003212                0900000000000010100000000000000000000000000000000000000   000000000000000000000000004        170192477882     
0010001300014U 060000000000000000000000000000000000000000000000000000000000000000000001097880000000001097880000000000000000000000000000001811202419112024            000000000000000                              000                           
0010001300015T 0601897X0000000092096 24778822400003955   700000000000395531102024000000000058795341000550000003955                0900000000000010100000000000000000000000000000000000000   000000000000000000000000004        170192477882     
0010001300016U 060000000000015270000000000000000000000000000000000000000000000000000000603220000000000603220000000000000000000000000000001811202419112024            000000000000000                              000                           
0010001300017T 0601897X0000000092096 24778822400004400   700000000000440029112024000000000043915033000900000004400                0900000000000010100000000000000000000000000000000000000   000000000000000000000000004        170192477882     
0010001300018U 060000000000000000000000000000000000000000000000000000000000000000000000439150000000000439150000000000000000000000000000001811202419112024            000000000000000                              000                           
0010001300019T 0601897X0000000092096 24778822400005120   700000000000512029112024000000000030031033048780000005120                0900000000000010100000000000000000000000000000000000000   000000000000000000000000004        170192477882     
0010001300020U 060000000000000000000000000000000000000000000000000000000000000000000000300310000000000300310000000000000000000000000000001811202419112024            000000000000000                              000                           
0010001300021T 0601897X0000000092096 24778822400005452   700000000000545229112024000000000024373341000140000005452                0900000000000010100000000000000000000000000000000000000   000000000000000000000000004        170192477882     
0010001300022U 060000000000000000000000000000000000000000000000000000000000000000000000243730000000000243730000000000000000000000000000001811202419112024            000000000000000                              000                           
0010001300023T 0601897X0000000092096 24778822400005560   700000000000556029112024000000000022607756072790000005560                0900000000000010100000000000000000000000000000000000000   000000000000000000000000004        170192477882     
0010001300024U 060000000000000000000000000000000000000000000000000000000000000000000000226070000000000226070000000000000000000000000000001811202419112024            000000000000000                              000                           
0010001300025T 0601897X0000000092096 24778822400005579   700000000000557931102024000000000022322341000550000005579                0900000000000010100000000000000000000000000000000000000   000000000000000000000000004        170192477882     
0010001300026U 060000000000005790000000000000000000000000000000000000000000000000000000229010000000000229010000000000000000000000000000001811202419112024            000000000000000                              000                           
0010001300027T 0901897X0000000092096 24778822400000622   700000000000062211102024000000000025530001003190000000622                0900000000000000000000000000000000000000000000000000000   000000000000000000000037209        170192477882     
0010001300028U 090000000000000000000000000000000000000000000000000000000000000000000000000000000000000000000000000000000000000000000000001811202400000000            000000000000000                              000                           
0010001300029T 0901897X0000000092096 24778822400001941   70000000000019411110202400000000002053900101849X000001941                0900000000000000000000000000000000000000000000000000000   000000000000000000000037209        170192477882     
0010001300030U 090000000000000000000000000000000000000000000000000000000000000000000000000000000000000000000000000000000000000000000000001811202400000000            000000000000000                              000                           
0010001300031T 0901897X0000000092096 24778822400005288   70000000000052882911202400000000002704100101849X000005288                0900000000000000000000000000000000000000000000000000000   000000000000000000000037210        170192477882     
0010001300032U 090000000000000000000000000000000000000000000000000000000000000000000000000000000000000000000000000000000000000000000000001811202400000000            000000000000000                              000                           
0010001300033T 0901897X0000000092096 24778822400005289   70000000000052891912202400000000002704100101849X000005289                0900000000000000000000000000000000000000000000000000000   000000000000000000000037210        170192477882     
0010001300034U 090000000000000000000000000000000000000000000000000000000000000000000000000000000000000000000000000000000000000000000000001811202400000000            000000000000000                              000                           
0010001300035T 0901897X0000000092096 24778829000008379   7000008379      29112024000000000008916001009296000008379                0900000000000000000000000000000000000000000000000000000   000000000000000000000037210        170192477882     
0010001300036U 090000000000000000000000000000000000000000000000000000000000000000000000000000000000000000000000000000000000000000000000001811202400000000            000000000000000                              000                           
00100015         000038002454000000010034488100000000000000000000000000000000000000000000000000000000000000000000000000000000000000000000000000000                                                                                              
00199999         000001000040000000                                                                                                                                                            00000000000000000000000000000                    
