00100000         2115139610001160024778820014       01897X0000000092096 FUNDACAO AGENCIA DAS BACIAS HIBANCO DO BRASIL                         21608202401591300571103000000829973081PROCESSAMEN                                                 
00100011T0100020 20115139610001160024778820014       01897X0000000092096 FUNDACAO AGENCIA DAS BACIAS HI                                                                                000000001608202400000000  000000000                      
0010001300001T 0201897X0000000092096 24778829000008153   7000008153      30082024000000000065424001069833000008153                0900000000000010500000000000000000000000000000000000000   0000000000000000000000496A9A4      170192477882     
0010001300002U 020000000000000000000000000000000000000000000000000000000000000000000000000000000000000000000000000000000000000000000000001608202400000000            000000000000000                              000                           
0010001300003T 0201897X0000000092096 24778829000008154   7000008154      30082024000000000067634001003018000008154                0900000000000010500000000000000000000000000000000000000   0000000000000000000000496A9A4      170192477882     
0010001300004U 020000000000000000000000000000000000000000000000000000000000000000000000000000000000000000000000000000000000000000000000001608202400000000            000000000000000                              000                           
0010001300005T 0201897X0000000092096 24778829000008155   7000008155      30082024000000000133280001003018000008155                0900000000000010000000000000000000000000000000000000000   0000000000000000000000496A9        170192477882     
0010001300006U 020000000000000000000000000000000000000000000000000000000000000000000000000000000000000000000000000000000000000000000000001608202400000000            000000000000000                              000                           
00100015         000008000065000000000582652760000000000000000000000000000000000000000000000000000000000000000000000000000000000000000000000000000                                                                                              
00199999         000001000010000000                                                                                                                                                            00000000000000000000000000000                    
