00100000         2115139610001160024778820014       01897X0000000092096 FUNDACAO AGENCIA DAS BACIAS HIBANCO DO BRASIL                         21609202402084300575303000000829973081PROCESSAMEN                                                 
00100011T0100020 20115139610001160024778820014       01897X0000000092096 FUNDACAO AGENCIA DAS BACIAS HI                                                                                000000001609202400000000  000000000                      
0010001300001T 0601897X0000000092096 24778822400000074   700000000000007430092024000000000190165745000010000000074                0900000000000010100000000000000000000000000000000000000   000000000000000000000000004        170192477882     
0010001300002U 060000000000000000000000000000000000000000000000000000000000000000000001901650000000001901650000000000000000000000000000001609202417092024            000000000000000                              000                           
0010001300003T 0601897X0000000092096 24778822400000239   700000000000023930092024000000000048046341000090000000239                0900000000000010100000000000000000000000000000000000000   000000000000000000000000004        170192477882     
0010001300004U 060000000000000000000000000000000000000000000000000000000000000000000000480460000000000480460000000000000000000000000000001609202417092024            000000000000000                              000                           
0010001300005T 0601897X0000000092096 24778822400000241   700000000000024130092024000000000046843341006110000000241                0900000000000010100000000000000000000000000000000000000   000000000000000000000000004        170192477882     
0010001300006U 060000000000000000000000000000000000000000000000000000000000000000000000468430000000000468430000000000000000000000000000001609202417092024            000000000000000                              000                           
0010001300007T 0601897X0000000092096 24778822400000646   700000000000064630092024000000000024811341000280000000646                0900000000000010100000000000000000000000000000000000000   000000000000000000000000004        170192477882     
0010001300008U 060000000000000000000000000000000000000000000000000000000000000000000000248110000000000248110000000000000000000000000000001609202417092024            000000000000000                              000                           
0010001300009T 0601897X0000000092096 24778822400000662   700000000000066230092024000000000024299033003350000000662                0900000000000010100000000000000000000000000000000000000   000000000000000000000000004        170192477882     
0010001300010U 060000000000000000000000000000000000000000000000000000000000000000000000242990000000000242990000000000000000000000000000001609202417092024            000000000000000                              000                           
0010001300011T 0601897X0000000092096 24778822400001127   700000000000112730092024000000000027243104041040000001127                0900000000000010100000000000000000000000000000000000000   000000000000000000000000004        170192477882     
0010001300012U 060000000000000000000000000000000000000000000000000000000000000000000000272430000000000272430000000000000000000000000000001609202417092024            000000000000000                              000                           
0010001300013T 0601897X0000000092096 24778822400001443   700000000000144330092024000000000021225237027670000001443                0900000000000010100000000000000000000000000000000000000   000000000000000000000000004        170192477882     
0010001300014U 060000000000000000000000000000000000000000000000000000000000000000000000212250000000000212250000000000000000000000000000001609202417092024            000000000000000                              000                           
0010001300015T 0601897X0000000092096 24778822400003606   700000000000360630092024000000000073191237013400000003606                0900000000000010100000000000000000000000000000000000000   000000000000000000000000004        170192477882     
0010001300016U 060000000000000000000000000000000000000000000000000000000000000000000000731910000000000731910000000000000000000000000000001609202417092024            000000000000000                              000                           
0010001300017T 0601897X0000000092096 24778822400003762   700000000000376230092024000000000066215001045659000003762                0900000000000010060000000000000000000000000000000000000   000000000000000000000000033        170192477882     
0010001300018U 060000000000000000000000000000000000000000000000000000000000000000000000662150000000000662150000000000000000000000000000001609202417092024            000000000000000                              000                           
0010001300019T 0601897X0000000092096 24778822400003763   700000000000376331102024000000000066215001045659000003763                0900000000000010060000000000000000000000000000000000000   000000000000000000000000033        170192477882     
0010001300020U 060000000000000000000000000000000000000000000000000000000000000000000000662150000000000662150000000000000000000000000000001609202417092024            000000000000000                              000                           
0010001300021T 0601897X0000000092096 24778822400003764   700000000000376429112024000000000066215001045659000003764                0900000000000010060000000000000000000000000000000000000   000000000000000000000000033        170192477882     
0010001300022U 060000000000000000000000000000000000000000000000000000000000000000000000662150000000000662150000000000000000000000000000001609202417092024            000000000000000                              000                           
0010001300023T 0601897X0000000092096 24778822400003765   700000000000376519122024000000000066215001045659000003765                0900000000000010060000000000000000000000000000000000000   000000000000000000000000033        170192477882     
0010001300024U 060000000000000000000000000000000000000000000000000000000000000000000000662150000000000662150000000000000000000000000000001609202417092024            000000000000000                              000                           
0010001300025T 0601897X0000000092096 24778822400004398   700000000000439830092024000000000043915033000900000004398                0900000000000010100000000000000000000000000000000000000   000000000000000000000000004        170192477882     
0010001300026U 060000000000000000000000000000000000000000000000000000000000000000000000439150000000000439150000000000000000000000000000001609202417092024            000000000000000                              000                           
0010001300027T 0601897X0000000092096 24778822400004790   700000000000479030092024000000000035132237019690000004790                0900000000000010100000000000000000000000000000000000000   000000000000000000000000004        170192477882     
0010001300028U 060000000000000000000000000000000000000000000000000000000000000000000000351320000000000351320000000000000000000000000000001609202417092024            000000000000000                              000                           
0010001300029T 0601897X0000000092096 24778822400004791   700000000000479131102024000000000035132237019690000004791                0900000000000010100000000000000000000000000000000000000   000000000000000000000000004        170192477882     
0010001300030U 060000000000000000000000000000000000000000000000000000000000000000000000351320000000000351320000000000000000000000000000001609202417092024            000000000000000                              000                           
0010001300031T 5201897X0000000092096 24778822400005050   700000000000505030092024000000000031100001004154000005050                0900000000000000000000000000000000000000000000000000000   000000000000000000000000000        170192477882     
0010001300032U 520000000000000000000000000000000000000000000000000000000000000000000000000000000000000000000000000000000000000000000000001609202400000000            000000000000000                              000                           
0010001300033T 5201897X0000000092096 24778822400005051   700000000000505131102024000000000031100001004154000005051                0900000000000000000000000000000000000000000000000000000   000000000000000000000000000        170192477882     
0010001300034U 520000000000000000000000000000000000000000000000000000000000000000000000000000000000000000000000000000000000000000000000001609202400000000            000000000000000                              000                           
0010001300035T 5201897X0000000092096 24778822400005052   700000000000505229112024000000000031100001004154000005052                0900000000000000000000000000000000000000000000000000000   000000000000000000000000000        170192477882     
0010001300036U 520000000000000000000000000000000000000000000000000000000000000000000000000000000000000000000000000000000000000000000000001609202400000000            000000000000000                              000                           
0010001300037T 5201897X0000000092096 24778822400005053   700000000000505319122024000000000031100001004154000005053                0900000000000000000000000000000000000000000000000000000   000000000000000000000000000        170192477882     
0010001300038U 520000000000000000000000000000000000000000000000000000000000000000000000000000000000000000000000000000000000000000000000001609202400000000            000000000000000                              000                           
0010001300039T 1401897X0000000092096 24778822400000057   700000000000005714102024000000000248007001003190000000057                0900000000000000000000000000000000000000000000000000000   000000000000000000000000000        170192477882     
0010001300040U 140000000000000000000000000000000000000000000000000000000000000000000000000000000000000000000000000000000000000000000000001609202400000000            000000000000000                              000                           
00100015         000042005829000000020869635890000000000000000000000000000000000000000000000000000000000000000000000000000000000000000000000000000                                                                                              
00199999         000001000044000000                                                                                                                                                            00000000000000000000000000000                    
