00100000         2115139610001160024778820014       01897X0000000092096 FUNDACAO AGENCIA DAS BACIAS HIBANCO DO BRASIL                         21610202402005300579703000000829973081PROCESSAMEN                                                 
00100011T0100020 20115139610001160024778820014       01897X0000000092096 FUNDACAO AGENCIA DAS BACIAS HI                                                                                000000001610202400000000  000000000                      
0010001300001T 0201897X0000000092096 24778829000008308   7000008308      3110202400000000008109800101849X000008308                0900000000000010500000000000000000000000000000000000000   0000000000000000000000496A9A4      170192477882     
0010001300002U 020000000000000000000000000000000000000000000000000000000000000000000000000000000000000000000000000000000000000000000000001610202400000000            000000000000000                              000                           
0010001300003T 0601897X0000000092096 24778822400000744   700000000000074416102024000000000021957748054440000000744                0900000000000010100000000000000000000000000000000000000   000000000000000000000000004        170192477882     
0010001300004U 060000000000000000000000000000000000000000000000000000000000000000000000219570000000000219570000000000000000000000000000001610202417102024            000000000000000                              000                           
0010001300005T 0601897X0000000092096 24778822400000771   700000000000077116102024000000000021198341000280000000771                0900000000000010100000000000000000000000000000000000000   000000000000000000000000004        170192477882     
0010001300006U 060000000000000000000000000000000000000000000000000000000000000000000000211980000000000211980000000000000000000000000000001610202417102024            000000000000000                              000                           
0010001300007T 0601897X0000000092096 24778822400000811   700000000000081130092024000000000019250422001350000000811                0900000000000010100000000000000000000000000000000000000   000000000000000000000000004        170192477882     
0010001300008U 060000000000004870000000000000000000000000000000000000000000000000000000197370000000000197370000000000000000000000000000001610202417102024            000000000000000                              000                           
0010001300009T 0601897X0000000092096 24778822400001092   700000000000109231102024000000000028726104002780000001092                0900000000000010100000000000000000000000000000000000000   000000000000000000000000004        170192477882     
0010001300010U 060000000000000000000000000000000000000000000000000000000000000000000000287260000000000287260000000000000000000000000000001610202417102024            000000000000000                              000                           
0010001300011T 0601897X0000000092096 24778822400002015   700000000000201531102024000000012923625104030800000002015                0900000000000010100000000000000000000000000000000000000   000000000000000000000000004        170192477882     
0010001300012U 060000000000000000000000000000000000000000000000000000000000000000000129236250000000129236250000000000000000000000000000001610202417102024            000000000000000                              000                           
0010001300013T 0601897X0000000092096 24778822400002139   700000000000213931102024000000001639158104027770000002139                0900000000000010100000000000000000000000000000000000000   000000000000000000000000004        170192477882     
0010001300014U 060000000000000000000000000000000000000000000000000000000000000000000016391580000000016391580000000000000000000000000000001610202417102024            000000000000000                              000                           
0010001300015T 0601897X0000000092096 24778822400002140   700000000000214029112024000000001639158104027770000002140                0900000000000010100000000000000000000000000000000000000   000000000000000000000000004        170192477882     
0010001300016U 060000000000000000000000000000000000000000000000000000000000000000000016391580000000016391580000000000000000000000000000001610202417102024            000000000000000                              000                           
0010001300017T 0601897X0000000092096 24778822400002141   700000000000214119122024000000001639158104027770000002141                0900000000000010100000000000000000000000000000000000000   000000000000000000000000004        170192477882     
0010001300018U 060000000000000000000000000000000000000000000000000000000000000000000016391580000000016391580000000000000000000000000000001610202417102024            000000000000000                              000                           
0010001300019T 0601897X0000000092096 24778822400002815   700000000000281531102024000000000163084755013060000002815                0900000000000010100000000000000000000000000000000000000   000000000000000000000000004        170192477882     
0010001300020U 060000000000000000000000000000000000000000000000000000000000000000000001630840000000001630840000000000000000000000000000001610202417102024            000000000000000                              000                           
0010001300021T 0601897X0000000092096 24778822400003007   700000000000300731102024000000000130965033046050000003007                0900000000000010100000000000000000000000000000000000000   000000000000000000000000004        170192477882     
0010001300022U 060000000000000000000000000000000000000000000000000000000000000000000001309650000000001309650000000000000000000000000000001610202417102024            000000000000000                              000                           
0010001300023T 0601897X0000000092096 24778822400003535   700000000000353531102024000000000078721341014030000003535                0900000000000010100000000000000000000000000000000000000   000000000000000000000000004        170192477882     
0010001300024U 060000000000000000000000000000000000000000000000000000000000000000000000787210000000000787210000000000000000000000000000001610202417102024            000000000000000                              000                           
0010001300025T 0601897X0000000092096 24778822400003939   700000000000393931102024000000000059285748054240000003939                0900000000000010100000000000000000000000000000000000000   000000000000000000000000004        170192477882     
0010001300026U 060000000000000000000000000000000000000000000000000000000000000000000000592850000000000592850000000000000000000000000000001610202417102024            000000000000000                              000                           
0010001300027T 0601897X0000000092096 24778822400004050   700000000000405016102024000000000056727341002100000004050                0900000000000010100000000000000000000000000000000000000   000000000000000000000000004        170192477882     
0010001300028U 060000000000000000000000000000000000000000000000000000000000000000000000567270000000000567270000000000000000000000000000001610202417102024            000000000000000                              000                           
0010001300029T 0601897X0000000092096 24778822400004075   700000000000407531102024000000000056308341081470000004075                0900000000000010100000000000000000000000000000000000000   000000000000000000000000004        170192477882     
0010001300030U 060000000000000000000000000000000000000000000000000000000000000000000000563080000000000563080000000000000000000000000000001610202417102024            000000000000000                              000                           
0010001300031T 0601897X0000000092096 24778822400005418   700000000000541818102024000000000024924033030750000005418                0900000000000010100000000000000000000000000000000000000   000000000000000000000000004        170192477882     
0010001300032U 060000000000000000000000000000000000000000000000000000000000000000000000249240000000000249240000000000000000000000000000001610202417102024            000000000000000                              000                           
0010001300033T 0601897X0000000092096 24778822400005419   700000000000541931102024000000000024926033030750000005419                0900000000000010100000000000000000000000000000000000000   000000000000000000000000004        170192477882     
0010001300034U 060000000000000000000000000000000000000000000000000000000000000000000000249260000000000249260000000000000000000000000000001610202417102024            000000000000000                              000                           
0010001300035T 0601897X0000000092096 24778822400005438   700000000000543830092024000000000024520237025340000005438                0900000000000010100000000000000000000000000000000000000   000000000000000000000000004        170192477882     
0010001300036U 060000000000006200000000000000000000000000000000000000000000000000000000251400000000000251400000000000000000000000000000001610202417102024            000000000000000                              000                           
0010001300037T 0601897X0000000092096 24778829000008277   7000008277      16102024000000001697594104027770000008277                0900000000000010100000000000000000000000000000000000000   000000000000000000000000004        170192477882     
0010001300038U 060000000000000000000000000000000000000000000000000000000000000000000016975940000000016975940000000000000000000000000000001610202417102024            000000000000000                              000                           
0010001300039T 1401897X0000000092096 24778822400000133   700000000000013331102024000000000105396001009946000000133                0900000000000000000000000000000000000000000000000000000   000000000000000000000000000        170192477882     
0010001300040U 140000000000000000000000000000000000000000000000000000000000000000000000000000000000000000000000000000000000000000000000001610202400000000            000000000000000                              000                           
0010001300041T 1401897X0000000092096 24778822400000364   70000000000003641810202400000000003513200101849X000000364                0900000000000000000000000000000000000000000000000000000   000000000000000000000000000        170192477882     
0010001300042U 140000000000000000000000000000000000000000000000000000000000000000000000000000000000000000000000000000000000000000000000001610202400000000            000000000000000                              000                           
00100015         000044004149000000015133612440000000000000000000000000000000000000000000000000000000000000000000000000000000000000000000000000000                                                                                              
00199999         000001000046000000                                                                                                                                                            00000000000000000000000000000                    
