00100000         2115139610001160024778820014       01897X0000000092096 FUNDACAO AGENCIA DAS BACIAS HIBANCO DO BRASIL                         23105202402075600563203000000829973081PROCESSAMEN                                                 
00100011T0100020 20115139610001160024778820014       01897X0000000092096 FUNDACAO AGENCIA DAS BACIAS HI                                                                                000000003105202400000000  000000000                      
0010001300001T 0601897X0000000092096 24778829000008023   7000008023      31052024000000000089857341000300000008023                0900000000000010100000000000000000000000000000000000000   000000000000000000000000004        170192477882     
0010001300002U 060000000000000000000000000000000000000000000000000000000000000000000000898570000000000898570000000000000000000000000000003105202403062024            000000000000000                              000                           
0010001300003T 0601897X0000000092096 24778829000008073   7000008073      31052024000000000110979341009250000008073                0900000000000010100000000000000000000000000000000000000   000000000000000000000000004        170192477882     
0010001300004U 060000000000000000000000000000000000000000000000000000000000000000000001109790000000001109790000000000000000000000000000003105202403062024            000000000000000                              000                           
0010001300005T 0601897X0000000092096 24778829000008074   7000008074      31052024000000000060638237022970000008074                0900000000000010100000000000000000000000000000000000000   000000000000000000000000004        170192477882     
0010001300006U 060000000000000000000000000000000000000000000000000000000000000000000000606380000000000606380000000000000000000000000000003105202403062024            000000000000000                              000                           
0010001300007T 0601897X0000000092096 24778829000008091   7000008091      31052024000000000023587237003930000008091                0900000000000010100000000000000000000000000000000000000   000000000000000000000000004        170192477882     
0010001300008U 060000000000000000000000000000000000000000000000000000000000000000000000235870000000000235870000000000000000000000000000003105202403062024            000000000000000                              000                           
00100015         000010000025000000000344474370000000000000000000000000000000000000000000000000000000000000000000000000000000000000000000000000000                                                                                              
00199999         000001000012000000                                                                                                                                                            00000000000000000000000000000                    
