00100000         2115139610001160024778820014       01897X0000000092096 FUNDACAO AGENCIA DAS BACIAS HIBANCO DO BRASIL                         21612202402112600587903000000829973081PROCESSAMEN                                                 
00100011T0100020 20115139610001160024778820014       01897X0000000092096 FUNDACAO AGENCIA DAS BACIAS HI                                                                                000000001612202400000000  000000000                      
0010001300001T 0201897X0000000092096 24778829000008457   7000008457      19122024000000000051715001009903000008457                0900000000000010500000000000000000000000000000000000000   0000000000000000000000496A9A4      170192477882     
0010001300002U 020000000000000000000000000000000000000000000000000000000000000000000000000000000000000000000000000000000000000000000000001612202400000000            000000000000000                              000                           
0010001300003T 0601897X0000000092096 24778822400002029   700000000000202919122024000000009331106104030800000002029                0900000000000010100000000000000000000000000000000000000   000000000000000000000000004        170192477882     
0010001300004U 060000000000000000000000000000000000000000000000000000000000000000000093311060000000093311060000000000000000000000000000001612202417122024            000000000000000                              000                           
0010001300005T 0601897X0000000092096 24778822400002033   700000000000203319122024000000008601794033002850000002033                0900000000000010100000000000000000000000000000000000000   000000000000000000000000004        170192477882     
0010001300006U 060000000000000000000000000000000000000000000000000000000000000000000086017940000000086017940000000000000000000000000000001612202417122024            000000000000000                              000                           
0010001300007T 0601897X0000000092096 24778822400002097   700000000000209719122024000000003185871033002850000002097                0900000000000010100000000000000000000000000000000000000   000000000000000000000000004        170192477882     
0010001300008U 060000000000000000000000000000000000000000000000000000000000000000000031858710000000031858710000000000000000000000000000001612202417122024            000000000000000                              000                           
0010001300009T 0601897X0000000092096 24778822400002109   700000000000210919122024000000003060704001030708000002109                0900000000000010090000000000000000000000000000000000000   000000000000000000000000006        170192477882     
0010001300010U 060000000000000000000000000000000000000000000000000000000000000000000030607040000000030607040000000000000000000000000000001612202417122024            000000000000000                              000                           
0010001300011T 0601897X0000000092096 24778822400002133   700000000000213319122024000000001851747033002850000002133                0900000000000010100000000000000000000000000000000000000   000000000000000000000000004        170192477882     
0010001300012U 060000000000000000000000000000000000000000000000000000000000000000000018517470000000018517470000000000000000000000000000001612202417122024            000000000000000                              000                           
0010001300013T 0601897X0000000092096 24778822400002201   700000000000220119122024000000000919286237007090000002201                0900000000000010100000000000000000000000000000000000000   000000000000000000000000004        170192477882     
0010001300014U 060000000000000000000000000000000000000000000000000000000000000000000009192860000000009192860000000000000000000000000000001612202417122024            000000000000000                              000                           
0010001300015T 0601897X0000000092096 24778822400002329   700000000000232919122024000000000439150237020020000002329                0900000000000010100000000000000000000000000000000000000   000000000000000000000000004        170192477882     
0010001300016U 060000000000000000000000000000000000000000000000000000000000000000000004391500000000004391500000000000000000000000000000001612202417122024            000000000000000                              000                           
0010001300017T 0601897X0000000092096 24778822400002357   700000000000235719122024000000000420257001030708000002357                0900000000000010090000000000000000000000000000000000000   000000000000000000000000006        170192477882     
0010001300018U 060000000000000000000000000000000000000000000000000000000000000000000004202570000000004202570000000000000000000000000000001612202417122024            000000000000000                              000                           
0010001300019T 0601897X0000000092096 24778822400002437   700000000000243719122024000000000338212237003280000002437                0900000000000010100000000000000000000000000000000000000   000000000000000000000000004        170192477882     
0010001300020U 060000000000000000000000000000000000000000000000000000000000000000000003382120000000003382120000000000000000000000000000001612202417122024            000000000000000                              000                           
0010001300021T 0601897X0000000092096 24778822400002557   700000000000255719122024000000000250897341001690000002557                0900000000000010100000000000000000000000000000000000000   000000000000000000000000004        170192477882     
0010001300022U 060000000000000000000000000000000000000000000000000000000000000000000002508970000000002508970000000000000000000000000000001612202417122024            000000000000000                              000                           
0010001300023T 0601897X0000000092096 24778822400002569   700000000000256919122024000000000243859509000010000002569                0900000000000010100000000000000000000000000000000000000   000000000000000000000000004        170192477882     
0010001300024U 060000000000000000000000000000000000000000000000000000000000000000000002438590000000002438590000000000000000000000000000001612202417122024            000000000000000                              000                           
0010001300025T 0601897X0000000092096 24778822400002721   700000000000272119122024000000000193226237014040000002721                0900000000000010100000000000000000000000000000000000000   000000000000000000000000004        170192477882     
0010001300026U 060000000000000000000000000000000000000000000000000000000000000000000001932260000000001932260000000000000000000000000000001612202417122024            000000000000000                              000                           
0010001300027T 0601897X0000000092096 24778822400002749   700000000000274919122024000000000182818001031410000002749                0900000000000010010000000000000000000000000000000000000   000000000000000000000000032        170192477882     
0010001300028U 060000000000000000000000000000000000000000000000000000000000000000000001828180000000001828180000000000000000000000000000001612202417122024            000000000000000                              000                           
0010001300029T 0601897X0000000092096 24778822400002977   700000000000297719122024000000000132398341000090000002977                0900000000000010100000000000000000000000000000000000000   000000000000000000000000004        170192477882     
0010001300030U 060000000000000000000000000000000000000000000000000000000000000000000001323980000000001323980000000000000000000000000000001612202417122024            000000000000000                              000                           
0010001300031T 0601897X0000000092096 24778822400003009   700000000000300919122024000000000130965033046050000003009                0900000000000010100000000000000000000000000000000000000   000000000000000000000000004        170192477882     
0010001300032U 060000000000000000000000000000000000000000000000000000000000000000000001309650000000001309650000000000000000000000000000001612202417122024            000000000000000                              000                           
0010001300033T 0601897X0000000092096 24778822400003409   700000000000340919122024000000000087830748054150000003409                0900000000000010100000000000000000000000000000000000000   000000000000000000000000004        170192477882     
0010001300034U 060000000000000000000000000000000000000000000000000000000000000000000000878300000000000878300000000000000000000000000000001612202417122024            000000000000000                              000                           
0010001300035T 0601897X0000000092096 24778822400003421   700000000000342119122024000000000087569033000130000003421                0900000000000010100000000000000000000000000000000000000   000000000000000000000000004        170192477882     
0010001300036U 060000000000000000000000000000000000000000000000000000000000000000000000875690000000000875690000000000000000000000000000001612202417122024            000000000000000                              000                           
0010001300037T 0601897X0000000092096 24778822400003457   700000000000345719122024000000000083688329000010000003457                0900000000000010100000000000000000000000000000000000000   000000000000000000000000004        170192477882     
0010001300038U 060000000000000000000000000000000000000000000000000000000000000000000000836880000000000836880000000000000000000000000000001612202417122024            000000000000000                              000                           
0010001300039T 0601897X0000000092096 24778822400003593   700000000000359319122024000000000073192001031666000003593                0900000000000010060000000000000000000000000000000000000   000000000000000000000000033        170192477882     
0010001300040U 060000000000000000000000000000000000000000000000000000000000000000000000731920000000000731920000000000000000000000000000001612202417122024            000000000000000                              000                           
0010001300041T 0601897X0000000092096 24778822400003637   700000000000363719122024000000000072971341032180000003637                0900000000000010100000000000000000000000000000000000000   000000000000000000000000004        170192477882     
0010001300042U 060000000000000000000000000000000000000000000000000000000000000000000000729710000000000729710000000000000000000000000000001612202417122024            000000000000000                              000                           
0010001300043T 0601897X0000000092096 24778822400003897   700000000000389719122024000000000061847748050300000003897                0900000000000010100000000000000000000000000000000000000   000000000000000000000000004        170192477882     
0010001300044U 060000000000000000000000000000000000000000000000000000000000000000000000618470000000000618470000000000000000000000000000001612202417122024            000000000000000                              000                           
0010001300045T 0601897X0000000092096 24778822400003929   700000000000392919122024000000000059615341000550000003929                0900000000000010100000000000000000000000000000000000000   000000000000000000000000004        170192477882     
0010001300046U 060000000000000000000000000000000000000000000000000000000000000000000000596150000000000596150000000000000000000000000000001612202417122024            000000000000000                              000                           
0010001300047T 0601897X0000000092096 24778822400004013   700000000000401319122024000000000057718237029350000004013                0900000000000010100000000000000000000000000000000000000   000000000000000000000000004        170192477882     
0010001300048U 060000000000000000000000000000000000000000000000000000000000000000000000577180000000000577180000000000000000000000000000001612202417122024            000000000000000                              000                           
0010001300049T 0601897X0000000092096 24778822400004129   700000000000412919122024000000000054894001009903000004129                0900000000000010060000000000000000000000000000000000000   000000000000000000000000033        170192477882     
0010001300050U 060000000000000000000000000000000000000000000000000000000000000000000000548940000000000548940000000000000000000000000000001612202417122024            000000000000000                              000                           
0010001300051T 0601897X0000000092096 24778822400004157   700000000000415719122024000000000053539341000280000004157                0900000000000010100000000000000000000000000000000000000   000000000000000000000000004        170192477882     
0010001300052U 060000000000000000000000000000000000000000000000000000000000000000000000535390000000000535390000000000000000000000000000001612202417122024            000000000000000                              000                           
0010001300053T 0601897X0000000092096 24778822400004197   700000000000419719122024000000000052259509000010000004197                0900000000000010100000000000000000000000000000000000000   000000000000000000000000004        170192477882     
0010001300054U 060000000000000000000000000000000000000000000000000000000000000000000000522590000000000522590000000000000000000000000000001612202417122024            000000000000000                              000                           
0010001300055T 0601897X0000000092096 24778822400004241   700000000000424119122024000000000050898001024279000004241                0900000000000010040000000000000000000000000000000000000   000000000000000000000000034        170192477882     
0010001300056U 060000000000000000000000000000000000000000000000000000000000000000000000508980000000000508980000000000000000000000000000001612202417122024            000000000000000                              000                           
0010001300057T 0601897X0000000092096 24778822400004249   700000000000424919122024000000000050688104002780000004249                0900000000000010100000000000000000000000000000000000000   000000000000000000000000004        170192477882     
0010001300058U 060000000000000000000000000000000000000000000000000000000000000000000000506880000000000506880000000000000000000000000000001612202417122024            000000000000000                              000                           
0010001300059T 0601897X0000000092096 24778822400004309   700000000000430919122024000000000047575033002850000004309                0900000000000010100000000000000000000000000000000000000   000000000000000000000000004        170192477882     
0010001300060U 060000000000000000000000000000000000000000000000000000000000000000000000475750000000000475750000000000000000000000000000001612202417122024            000000000000000                              000                           
0010001300061T 0601897X0000000092096 24778822400004553   700000000000455319122024000000000039523033002870000004553                0900000000000010100000000000000000000000000000000000000   000000000000000000000000004        170192477882     
0010001300062U 060000000000000000000000000000000000000000000000000000000000000000000000395230000000000395230000000000000000000000000000001612202417122024            000000000000000                              000                           
0010001300063T 0601897X0000000092096 24778822400004557   700000000000455719122024000000000039486341076430000004557                0900000000000010100000000000000000000000000000000000000   000000000000000000000000004        170192477882     
0010001300064U 060000000000000000000000000000000000000000000000000000000000000000000000394860000000000394860000000000000000000000000000001612202417122024            000000000000000                              000                           
0010001300065T 0601897X0000000092096 24778822400004597   700000000000459719122024000000000038646341026460000004597                0900000000000010100000000000000000000000000000000000000   000000000000000000000000004        170192477882     
0010001300066U 060000000000000000000000000000000000000000000000000000000000000000000000386460000000000386460000000000000000000000000000001612202417122024            000000000000000                              000                           
0010001300067T 0601897X0000000092096 24778822400004621   700000000000462119122024000000000038098341000110000004621                0900000000000010100000000000000000000000000000000000000   000000000000000000000000004        170192477882     
0010001300068U 060000000000000000000000000000000000000000000000000000000000000000000000380980000000000380980000000000000000000000000000001612202417122024            000000000000000                              000                           
0010001300069T 0601897X0000000092096 24778822400005121   700000000000512119122024000000000030031033048780000005121                0900000000000010100000000000000000000000000000000000000   000000000000000000000000004        170192477882     
0010001300070U 060000000000000000000000000000000000000000000000000000000000000000000000300310000000000300310000000000000000000000000000001612202417122024            000000000000000                              000                           
0010001300071T 0601897X0000000092096 24778822400005449   700000000000544919122024000000000024389001004561000005449                0900000000000010040000000000000000000000000000000000000   000000000000000000000000034        170192477882     
0010001300072U 060000000000000000000000000000000000000000000000000000000000000000000000243890000000000243890000000000000000000000000000001612202417122024            000000000000000                              000                           
0010001300073T 0601897X0000000092096 24778822400005561   700000000000556119122024000000000022607756072790000005561                0900000000000010100000000000000000000000000000000000000   000000000000000000000000004        170192477882     
0010001300074U 060000000000000000000000000000000000000000000000000000000000000000000000226070000000000226070000000000000000000000000000001612202417122024            000000000000000                              000                           
0010001300075T 0601897X0000000092096 24778822400005613   700000000000561319122024000000000021958509000010000005613                0900000000000010100000000000000000000000000000000000000   000000000000000000000000004        170192477882     
0010001300076U 060000000000000000000000000000000000000000000000000000000000000000000000219580000000000219580000000000000000000000000000001612202417122024            000000000000000                              000                           
0010001300077T 0601897X0000000092096 24778822400005653   700000000000565319122024000000000021958341009100000005653                0900000000000010100000000000000000000000000000000000000   000000000000000000000000004        170192477882     
0010001300078U 060000000000000000000000000000000000000000000000000000000000000000000000219580000000000219580000000000000000000000000000001612202417122024            000000000000000                              000                           
0010001300079T 0601897X0000000092096 24778822400005761   700000000000576119122024000000000021105033002810000005761                0900000000000010100000000000000000000000000000000000000   000000000000000000000000004        170192477882     
0010001300080U 060000000000000000000000000000000000000000000000000000000000000000000000211050000000000211050000000000000000000000000000001612202417122024            000000000000000                              000                           
0010001300081T 0601897X0000000092096 24778822400005785   700000000000578519122024000000000021021237033890000005785                0900000000000010100000000000000000000000000000000000000   000000000000000000000000004        170192477882     
0010001300082U 060000000000000000000000000000000000000000000000000000000000000000000000210210000000000210210000000000000000000000000000001612202417122024            000000000000000                              000                           
0010001300083T 0601897X0000000092096 24778822400005805   700000000000580519122024000000000020750237003150000005805                0900000000000010100000000000000000000000000000000000000   000000000000000000000000004        170192477882     
0010001300084U 060000000000000000000000000000000000000000000000000000000000000000000000207500000000000207500000000000000000000000000000001612202417122024            000000000000000                              000                           
0010001300085T 0601897X0000000092096 24778829000008441   7000008441      3112202400000000012332800100216X000008441                0900000000000010040000000000000000000000000000000000000   000000000000000000000000034        170192477882     
0010001300086U 060000000000000000000000000000000000000000000000000000000000000000000001233280000000001233280000000000000000000000000000001612202417122024            000000000000000                              000                           
0010001300087T 0601897X0000000092096 24778829000008454   7000008454      19122024000000000386634341009120000008454                0900000000000010100000000000000000000000000000000000000   000000000000000000000000004        170192477882     
0010001300088U 060000000000000000000000000000000000000000000000000000000000000000000003866340000000003866340000000000000000000000000000001612202417122024            000000000000000                              000                           
00100015         000090001125000000005159013480000000000000000000000000000000000000000000000000000000000000000000000000000000000000000000000000000                                                                                              
00199999         000001000092000000                                                                                                                                                            00000000000000000000000000000                    
