00100000         2115139610001160024778820014       01897X0000000092096 FUNDACAO AGENCIA DAS BACIAS HIBANCO DO BRASIL                         21809202401580200575703000000829973081PROCESSAMEN                                                 
00100011T0100020 20115139610001160024778820014       01897X0000000092096 FUNDACAO AGENCIA DAS BACIAS HI                                                                                000000001809202400000000  000000000                      
0010001300001T 0601897X0000000092096 24778822400000224   700000000000022430092024000000000053544341071590000000224                0900000000000010100000000000000000000000000000000000000   000000000000000000000000004        170192477882     
0010001300002U 060000000000000000000000000000000000000000000000000000000000000000000000535440000000000535440000000000000000000000000000001809202419092024            000000000000000                              000                           
0010001300003T 0601897X0000000092096 24778822400000424   700000000000042430092024000000000031882748051530000000424                0900000000000010100000000000000000000000000000000000000   000000000000000000000000004        170192477882     
0010001300004U 060000000000000000000000000000000000000000000000000000000000000000000000318820000000000318820000000000000000000000000000001809202419092024            000000000000000                              000                           
0010001300005T 0601897X0000000092096 24778822400000452   700000000000045230092024000000000030565237007120000000452                0900000000000010100000000000000000000000000000000000000   000000000000000000000000004        170192477882     
0010001300006U 060000000000000000000000000000000000000000000000000000000000000000000000305650000000000305650000000000000000000000000000001809202419092024            000000000000000                              000                           
0010001300007T 0601897X0000000092096 24778822400000603   700000000000060330092024000000000026349001031496000000603                0900000000000010040000000000000000000000000000000000000   000000000000000000000000034        170192477882     
0010001300008U 060000000000000000000000000000000000000000000000000000000000000000000000263490000000000263490000000000000000000000000000001809202419092024            000000000000000                              000                           
0010001300009T 0601897X0000000092096 24778822400000742   700000000000074230092024000000000021972001009741000000742                0900000000000010060000000000000000000000000000000000000   000000000000000000000000033        170192477882     
0010001300010U 060000000000000000000000000000000000000000000000000000000000000000000000219720000000000219720000000000000000000000000000001809202419092024            000000000000000                              000                           
0010001300011T 0601897X0000000092096 24778822400000925   700000000000092530092024000000000014329033031960000000925                0900000000000010100000000000000000000000000000000000000   000000000000000000000000004        170192477882     
0010001300012U 060000000000000000000000000000000000000000000000000000000000000000000000143290000000000143290000000000000000000000000000001809202419092024            000000000000000                              000                           
0010001300013T 0601897X0000000092096 24778822400002050   700000000000205030092024000000004848403033002850000002050                0900000000000010100000000000000000000000000000000000000   000000000000000000000000004        170192477882     
0010001300014U 060000000000000000000000000000000000000000000000000000000000000000000048484030000000048484030000000000000000000000000000001809202419092024            000000000000000                              000                           
0010001300015T 0601897X0000000092096 24778822400002278   700000000000227830092024000000000541687341001100000002278                0900000000000010100000000000000000000000000000000000000   000000000000000000000000004        170192477882     
0010001300016U 060000000000000000000000000000000000000000000000000000000000000000000005416870000000005416870000000000000000000000000000001809202419092024            000000000000000                              000                           
0010001300017T 0601897X0000000092096 24778822400002534   700000000000253430092024000000000267376752000010000002534                0900000000000010100000000000000000000000000000000000000   000000000000000000000000004        170192477882     
0010001300018U 060000000000000000000000000000000000000000000000000000000000000000000002673760000000002673760000000000000000000000000000001809202419092024            000000000000000                              000                           
0010001300019T 0601897X0000000092096 24778822400002535   700000000000253531102024000000000267377752000010000002535                0900000000000010100000000000000000000000000000000000000   000000000000000000000000004        170192477882     
0010001300020U 060000000000000000000000000000000000000000000000000000000000000000000002673770000000002673770000000000000000000000000000001809202419092024            000000000000000                              000                           
0010001300021T 0601897X0000000092096 24778822400002536   700000000000253629112024000000000267377752000010000002536                0900000000000010100000000000000000000000000000000000000   000000000000000000000000004        170192477882     
0010001300022U 060000000000000000000000000000000000000000000000000000000000000000000002673770000000002673770000000000000000000000000000001809202419092024            000000000000000                              000                           
0010001300023T 0601897X0000000092096 24778822400002537   700000000000253719122024000000000267377752000010000002537                0900000000000010100000000000000000000000000000000000000   000000000000000000000000004        170192477882     
0010001300024U 060000000000000000000000000000000000000000000000000000000000000000000002673770000000002673770000000000000000000000000000001809202419092024            000000000000000                              000                           
0010001300025T 0601897X0000000092096 24778822400002770   700000000000277030092024000000000175483752000010000002770                0900000000000010100000000000000000000000000000000000000   000000000000000000000000004        170192477882     
0010001300026U 060000000000000000000000000000000000000000000000000000000000000000000001754830000000001754830000000000000000000000000000001809202419092024            000000000000000                              000                           
0010001300027T 0601897X0000000092096 24778822400002771   700000000000277131102024000000000175484752000010000002771                0900000000000010100000000000000000000000000000000000000   000000000000000000000000004        170192477882     
0010001300028U 060000000000000000000000000000000000000000000000000000000000000000000001754840000000001754840000000000000000000000000000001809202419092024            000000000000000                              000                           
0010001300029T 0601897X0000000092096 24778822400002772   700000000000277229112024000000000175484752000010000002772                0900000000000010100000000000000000000000000000000000000   000000000000000000000000004        170192477882     
0010001300030U 060000000000000000000000000000000000000000000000000000000000000000000001754840000000001754840000000000000000000000000000001809202419092024            000000000000000                              000                           
0010001300031T 0601897X0000000092096 24778822400002773   700000000000277319122024000000000175484752000010000002773                0900000000000010100000000000000000000000000000000000000   000000000000000000000000004        170192477882     
0010001300032U 060000000000000000000000000000000000000000000000000000000000000000000001754840000000001754840000000000000000000000000000001809202419092024            000000000000000                              000                           
0010001300033T 0601897X0000000092096 24778822400003006   700000000000300630092024000000000130964033046050000003006                0900000000000010100000000000000000000000000000000000000   000000000000000000000000004        170192477882     
0010001300034U 060000000000000000000000000000000000000000000000000000000000000000000001309640000000001309640000000000000000000000000000001809202419092024            000000000000000                              000                           
0010001300035T 0601897X0000000092096 24778822400003226   700000000000322630092024000000000107893237039290000003226                0900000000000010100000000000000000000000000000000000000   000000000000000000000000004        170192477882     
0010001300036U 060000000000000000000000000000000000000000000000000000000000000000000001078930000000001078930000000000000000000000000000001809202419092024            000000000000000                              000                           
0010001300037T 0601897X0000000092096 24778822400003227   700000000000322731102024000000000107895237039290000003227                0900000000000010100000000000000000000000000000000000000   000000000000000000000000004        170192477882     
0010001300038U 060000000000000000000000000000000000000000000000000000000000000000000001078950000000001078950000000000000000000000000000001809202419092024            000000000000000                              000                           
0010001300039T 0601897X0000000092096 24778822400003228   700000000000322829112024000000000107895237039290000003228                0900000000000010100000000000000000000000000000000000000   000000000000000000000000004        170192477882     
0010001300040U 060000000000000000000000000000000000000000000000000000000000000000000001078950000000001078950000000000000000000000000000001809202419092024            000000000000000                              000                           
0010001300041T 0601897X0000000092096 24778822400003229   700000000000322919122024000000000107895237039290000003229                0900000000000010100000000000000000000000000000000000000   000000000000000000000000004        170192477882     
0010001300042U 060000000000000000000000000000000000000000000000000000000000000000000001078950000000001078950000000000000000000000000000001809202419092024            000000000000000                              000                           
0010001300043T 0601897X0000000092096 24778822400003234   700000000000323430092024000000000107184341009420000003234                0900000000000010100000000000000000000000000000000000000   000000000000000000000000004        170192477882     
0010001300044U 060000000000000000000000000000000000000000000000000000000000000000000001071840000000001071840000000000000000000000000000001809202419092024            000000000000000                              000                           
0010001300045T 0601897X0000000092096 24778822400004034   700000000000403430092024000000000057129752000010000004034                0900000000000010100000000000000000000000000000000000000   000000000000000000000000004        170192477882     
0010001300046U 060000000000000000000000000000000000000000000000000000000000000000000000571290000000000571290000000000000000000000000000001809202419092024            000000000000000                              000                           
0010001300047T 0601897X0000000092096 24778822400004035   700000000000403531102024000000000057130752000010000004035                0900000000000010100000000000000000000000000000000000000   000000000000000000000000004        170192477882     
0010001300048U 060000000000000000000000000000000000000000000000000000000000000000000000571300000000000571300000000000000000000000000000001809202419092024            000000000000000                              000                           
0010001300049T 0601897X0000000092096 24778822400004036   700000000000403629112024000000000057130752000010000004036                0900000000000010100000000000000000000000000000000000000   000000000000000000000000004        170192477882     
0010001300050U 060000000000000000000000000000000000000000000000000000000000000000000000571300000000000571300000000000000000000000000000001809202419092024            000000000000000                              000                           
0010001300051T 0601897X0000000092096 24778822400005026   700000000000502630092024000000000031618033035840000005026                0900000000000010100000000000000000000000000000000000000   000000000000000000000000004        170192477882     
0010001300052U 060000000000000000000000000000000000000000000000000000000000000000000000316180000000000316180000000000000000000000000000001809202419092024            000000000000000                              000                           
0010001300053T 1401897X0000000092096 24778822400001722   700000000000172210102024000000000023491001003018000001722                0900000000000000000000000000000000000000000000000000000   000000000000000000000000000        170192477882     
0010001300054U 140000000000000000000000000000000000000000000000000000000000000000000000000000000000000000000000000000000000000000000000001809202400000000            000000000000000                              000                           
00100015         000056005792000000020779629990000000000000000000000000000000000000000000000000000000000000000000000000000000000000000000000000000                                                                                              
00199999         000001000058000000                                                                                                                                                            00000000000000000000000000000                    
