00100000         2115139610001160024778820014       01897X0000000092096 FUNDACAO AGENCIA DAS BACIAS HIBANCO DO BRASIL                         20801202402313000547903000000829973081PROCESSAMEN                                                 
00100011T0100020 20115139610001160024778820014       01897X0000000092096 FUNDACAO AGENCIA DAS BACIAS HI                                                                                000000000801202400000000  000000000                      
0010001300001T 0201897X0000000092096 24778829000008000   7000008000      31012024000000000033171001008117000008000                0900000000000010500000000000000000000000000000000000000   0000000000000000000000496A9A4      170192477882     
0010001300002U 020000000000000000000000000000000000000000000000000000000000000000000000000000000000000000000000000000000000000000000000000801202400000000            000000000000000                              000                           
0010001300003T 0201897X0000000092096 24778829000008001   7000008001      31012024000000000027553001008117000008001                0900000000000010500000000000000000000000000000000000000   0000000000000000000000496A9A4      170192477882     
0010001300004U 020000000000000000000000000000000000000000000000000000000000000000000000000000000000000000000000000000000000000000000000000801202400000000            000000000000000                              000                           
0010001300005T 0201897X0000000092096 24778829000008002   7000008002      31012024000000001970455001041467000008002                0900000000000010000000000000000000000000000000000000000   0000000000000000000000496A9        170192477882     
0010001300006U 020000000000000000000000000000000000000000000000000000000000000000000000000000000000000000000000000000000000000000000000000801202400000000            000000000000000                              000                           
0010001300007T 0201897X0000000092096 24778829000008003   7000008003      29022024000000001970464001041467000008003                0900000000000010000000000000000000000000000000000000000   0000000000000000000000496A9        170192477882     
0010001300008U 020000000000000000000000000000000000000000000000000000000000000000000000000000000000000000000000000000000000000000000000000801202400000000            000000000000000                              000                           
0010001300009T 0201897X0000000092096 24778829000008004   7000008004      28032024000000001970464001041467000008004                0900000000000010000000000000000000000000000000000000000   0000000000000000000000496A9        170192477882     
0010001300010U 020000000000000000000000000000000000000000000000000000000000000000000000000000000000000000000000000000000000000000000000000801202400000000            000000000000000                              000                           
0010001300011T 0201897X0000000092096 24778829000008005   7000008005      30042024000000001970464001041467000008005                0900000000000010000000000000000000000000000000000000000   0000000000000000000000496A9        170192477882     
0010001300012U 020000000000000000000000000000000000000000000000000000000000000000000000000000000000000000000000000000000000000000000000000801202400000000            000000000000000                              000                           
0010001300013T 0201897X0000000092096 24778829000008006   7000008006      29052024000000001970464001041467000008006                0900000000000010000000000000000000000000000000000000000   0000000000000000000000496A9        170192477882     
0010001300014U 020000000000000000000000000000000000000000000000000000000000000000000000000000000000000000000000000000000000000000000000000801202400000000            000000000000000                              000                           
0010001300015T 0201897X0000000092096 24778829000008007   7000008007      28062024000000001970464001041467000008007                0900000000000010000000000000000000000000000000000000000   0000000000000000000000496A9        170192477882     
0010001300016U 020000000000000000000000000000000000000000000000000000000000000000000000000000000000000000000000000000000000000000000000000801202400000000            000000000000000                              000                           
0010001300017T 0601897X0000000092096 24778822230006782   700000000000678222122023000000000028545237019700000006782                0900000000000010100000000000000000000000000000000000000   000000000000000000000000004        170192477882     
0010001300018U 060000000000007310000000000000000000000000000000000000000000000000000000292760000000000292760000000000000000000000000000000801202409012024            000000000000000                              000                           
0010001300019T 0601897X0000000092096 24778829000007999   7000007999      31012024000000000059163033037440000007999                0900000000000010100000000000000000000000000000000000000   000000000000000000000000004        170192477882     
0010001300020U 060000000000000000000000000000000000000000000000000000000000000000000000591630000000000591630000000000000000000000000000000801202409012024            000000000000000                              000                           
00100015         000022000153000000002091207650000000000000000000000000000000000000000000000000000000000000000000000000000000000000000000000000000                                                                                              
00199999         000001000024000000                                                                                                                                                            00000000000000000000000000000                    
