00100000         2115139610001160024778820014       01897X0000000092096 FUNDACAO AGENCIA DAS BACIAS HIBANCO DO BRASIL                         23010202402043300581703000000829973081PROCESSAMEN                                                 
00100011T0100020 20115139610001160024778820014       01897X0000000092096 FUNDACAO AGENCIA DAS BACIAS HI                                                                                000000003010202400000000  000000000                      
0010001300001T 0201897X0000000092096 24778829000008348   7000008348      31102024000000000044111001024538000008348                0900000000000010500000000000000000000000000000000000000   0000000000000000000000496A9A4      170192477882     
0010001300002U 020000000000000000000000000000000000000000000000000000000000000000000000000000000000000000000000000000000000000000000000003010202400000000            000000000000000                              000                           
0010001300003T 0201897X0000000092096 24778829000008349   7000008349      29112024000000000025385001001678000008349                0900000000000010500000000000000000000000000000000000000   0000000000000000000000496A9A4      170192477882     
0010001300004U 020000000000000000000000000000000000000000000000000000000000000000000000000000000000000000000000000000000000000000000000003010202400000000            000000000000000                              000                           
0010001300005T 0201897X0000000092096 24778829000008350   7000008350      31102024000000000022865001004154000008350                0900000000000010500000000000000000000000000000000000000   0000000000000000000000496A9A4      170192477882     
0010001300006U 020000000000000000000000000000000000000000000000000000000000000000000000000000000000000000000000000000000000000000000000003010202400000000            000000000000000                              000                           
0010001300007T 0201897X0000000092096 24778829000008351   7000008351      29112024000000000188454001021717000008351                0900000000000010000000000000000000000000000000000000000   0000000000000000000000496A9        170192477882     
0010001300008U 020000000000000000000000000000000000000000000000000000000000000000000000000000000000000000000000000000000000000000000000003010202400000000            000000000000000                              000                           
0010001300009T 0601897X0000000092096 24778822400000048   700000000000004831102024000000000296318341000540000000048                0900000000000010100000000000000000000000000000000000000   000000000000000000000000004        170192477882     
0010001300010U 060000000000000000000000000000000000000000000000000000000000000000000002963180000000002963180000000000000000000000000000003010202431102024            000000000000000                              000                           
0010001300011T 0601897X0000000092096 24778822400001018   700000000000101831102024000000000029650033036340000001018                0900000000000010100000000000000000000000000000000000000   000000000000000000000000004        170192477882     
0010001300012U 060000000000000000000000000000000000000000000000000000000000000000000000296500000000000296500000000000000000000000000000003010202431102024            000000000000000                              000                           
0010001300013T 0601897X0000000092096 24778822400001056   700000000000105631102024000000000029277341005460000001056                0900000000000010100000000000000000000000000000000000000   000000000000000000000000004        170192477882     
0010001300014U 060000000000000000000000000000000000000000000000000000000000000000000000292770000000000292770000000000000000000000000000003010202431102024            000000000000000                              000                           
0010001300015T 0601897X0000000092096 24778822400001078   700000000000107831102024000000000029275341006580000001078                0900000000000010100000000000000000000000000000000000000   000000000000000000000000004        170192477882     
0010001300016U 060000000000000000000000000000000000000000000000000000000000000000000000292750000000000292750000000000000000000000000000003010202431102024            000000000000000                              000                           
0010001300017T 0601897X0000000092096 24778822400001184   700000000000118431102024000000000025751341000500000001184                0900000000000010100000000000000000000000000000000000000   000000000000000000000000004        170192477882     
0010001300018U 060000000000000000000000000000000000000000000000000000000000000000000000257510000000000257510000000000000000000000000000003010202431102024            000000000000000                              000                           
0010001300019T 0601897X0000000092096 24778822400001210   700000000000121031102024000000000025276341093360000001210                0900000000000010100000000000000000000000000000000000000   000000000000000000000000004        170192477882     
0010001300020U 060000000000000000000000000000000000000000000000000000000000000000000000252760000000000252760000000000000000000000000000003010202431102024            000000000000000                              000                           
0010001300021T 0601897X0000000092096 24778822400001230   700000000000123031102024000000000024886341002790000001230                0900000000000010100000000000000000000000000000000000000   000000000000000000000000004        170192477882     
0010001300022U 060000000000000000000000000000000000000000000000000000000000000000000000248860000000000248860000000000000000000000000000003010202431102024            000000000000000                              000                           
0010001300023T 0601897X0000000092096 24778822400001244   700000000000124431102024000000000024637237010990000001244                0900000000000010100000000000000000000000000000000000000   000000000000000000000000004        170192477882     
0010001300024U 060000000000000000000000000000000000000000000000000000000000000000000000246370000000000246370000000000000000000000000000003010202431102024            000000000000000                              000                           
0010001300025T 0601897X0000000092096 24778822400001248   700000000000124831102024000000000024466341002790000001248                0900000000000010100000000000000000000000000000000000000   000000000000000000000000004        170192477882     
0010001300026U 060000000000000000000000000000000000000000000000000000000000000000000000244660000000000244660000000000000000000000000000003010202431102024            000000000000000                              000                           
0010001300027T 0601897X0000000092096 24778822400001250   700000000000125031102024000000000024396341006580000001250                0900000000000010100000000000000000000000000000000000000   000000000000000000000000004        170192477882     
0010001300028U 060000000000000000000000000000000000000000000000000000000000000000000000243960000000000243960000000000000000000000000000003010202431102024            000000000000000                              000                           
0010001300029T 0601897X0000000092096 24778822400001254   700000000000125431102024000000000024154509000010000001254                0900000000000010100000000000000000000000000000000000000   000000000000000000000000004        170192477882     
0010001300030U 060000000000000000000000000000000000000000000000000000000000000000000000241540000000000241540000000000000000000000000000003010202431102024            000000000000000                              000                           
0010001300031T 0601897X0000000092096 24778822400001310   700000000000131031102024000000000022953341093360000001310                0900000000000010100000000000000000000000000000000000000   000000000000000000000000004        170192477882     
0010001300032U 060000000000000000000000000000000000000000000000000000000000000000000000229530000000000229530000000000000000000000000000003010202431102024            000000000000000                              000                           
0010001300033T 0601897X0000000092096 24778822400001314   700000000000131431102024000000000022908341000120000001314                0900000000000010100000000000000000000000000000000000000   000000000000000000000000004        170192477882     
0010001300034U 060000000000000000000000000000000000000000000000000000000000000000000000229080000000000229080000000000000000000000000000003010202431102024            000000000000000                              000                           
0010001300035T 0601897X0000000092096 24778822400001332   700000000000133231102024000000000022280033037070000001332                0900000000000010100000000000000000000000000000000000000   000000000000000000000000004        170192477882     
0010001300036U 060000000000000000000000000000000000000000000000000000000000000000000000222800000000000222800000000000000000000000000000003010202431102024            000000000000000                              000                           
0010001300037T 0601897X0000000092096 24778822400001352   700000000000135231102024000000000021957001003409000001352                0900000000000010040000000000000000000000000000000000000   000000000000000000000000034        170192477882     
0010001300038U 060000000000000000000000000000000000000000000000000000000000000000000000219570000000000219570000000000000000000000000000003010202431102024            000000000000000                              000                           
0010001300039T 0601897X0000000092096 24778822400001356   700000000000135631102024000000000021957376000010000001356                0900000000000010100000000000000000000000000000000000000   000000000000000000000000004        170192477882     
0010001300040U 060000000000000000000000000000000000000000000000000000000000000000000000219570000000000219570000000000000000000000000000003010202431102024            000000000000000                              000                           
0010001300041T 0601897X0000000092096 24778822400001424   700000000000142431102024000000000021491033045020000001424                0900000000000010100000000000000000000000000000000000000   000000000000000000000000004        170192477882     
0010001300042U 060000000000000000000000000000000000000000000000000000000000000000000000214910000000000214910000000000000000000000000000003010202431102024            000000000000000                              000                           
0010001300043T 0601897X0000000092096 24778822400001597   700000000000159731102024000000000024679001024279000001597                0900000000000010040000000000000000000000000000000000000   000000000000000000000000034        170192477882     
0010001300044U 060000000000000000000000000000000000000000000000000000000000000000000000246790000000000246790000000000000000000000000000003010202431102024            000000000000000                              000                           
0010001300045T 0601897X0000000092096 24778822400001612   700000000000161231102024000000000024397237008400000001612                0900000000000010100000000000000000000000000000000000000   000000000000000000000000004        170192477882     
0010001300046U 060000000000000000000000000000000000000000000000000000000000000000000000243970000000000243970000000000000000000000000000003010202431102024            000000000000000                              000                           
0010001300047T 0601897X0000000092096 24778822400001702   700000000000170231102024000000000023879001012270000001702                0900000000000010090000000000000000000000000000000000000   000000000000000000000000006        170192477882     
0010001300048U 060000000000000000000000000000000000000000000000000000000000000000000000238790000000000238790000000000000000000000000000003010202431102024            000000000000000                              000                           
0010001300049T 0601897X0000000092096 24778822400001711   700000000000171131102024000000000023777033005450000001711                0900000000000010100000000000000000000000000000000000000   000000000000000000000000004        170192477882     
0010001300050U 060000000000000000000000000000000000000000000000000000000000000000000000237770000000000237770000000000000000000000000000003010202431102024            000000000000000                              000                           
0010001300051T 0601897X0000000092096 24778822400001765   700000000000176531102024000000000023157341026900000001765                0900000000000010100000000000000000000000000000000000000   000000000000000000000000004        170192477882     
0010001300052U 060000000000000000000000000000000000000000000000000000000000000000000000231570000000000231570000000000000000000000000000003010202431102024            000000000000000                              000                           
0010001300053T 0601897X0000000092096 24778822400001783   700000000000178331102024000000000023037033033770000001783                0900000000000010100000000000000000000000000000000000000   000000000000000000000000004        170192477882     
0010001300054U 060000000000000000000000000000000000000000000000000000000000000000000000230370000000000230370000000000000000000000000000003010202431102024            000000000000000                              000                           
0010001300055T 0601897X0000000092096 24778822400001807   700000000000180731102024000000000022641341005460000001807                0900000000000010100000000000000000000000000000000000000   000000000000000000000000004        170192477882     
0010001300056U 060000000000000000000000000000000000000000000000000000000000000000000000226410000000000226410000000000000000000000000000003010202431102024            000000000000000                              000                           
0010001300057T 0601897X0000000092096 24778822400001846   700000000000184631102024000000000021958341002790000001846                0900000000000010100000000000000000000000000000000000000   000000000000000000000000004        170192477882     
0010001300058U 060000000000000000000000000000000000000000000000000000000000000000000000219580000000000219580000000000000000000000000000003010202431102024            000000000000000                              000                           
0010001300059T 0601897X0000000092096 24778822400001855   700000000000185531102024000000000021958341030710000001855                0900000000000010100000000000000000000000000000000000000   000000000000000000000000004        170192477882     
0010001300060U 060000000000000000000000000000000000000000000000000000000000000000000000219580000000000219580000000000000000000000000000003010202431102024            000000000000000                              000                           
0010001300061T 0601897X0000000092096 24778822400001861   700000000000186131102024000000000021958341001910000001861                0900000000000010100000000000000000000000000000000000000   000000000000000000000000004        170192477882     
0010001300062U 060000000000000000000000000000000000000000000000000000000000000000000000219580000000000219580000000000000000000000000000003010202431102024            000000000000000                              000                           
0010001300063T 0601897X0000000092096 24778822400001873   700000000000187331102024000000000021895237033890000001873                0900000000000010100000000000000000000000000000000000000   000000000000000000000000004        170192477882     
0010001300064U 060000000000000000000000000000000000000000000000000000000000000000000000218950000000000218950000000000000000000000000000003010202431102024            000000000000000                              000                           
0010001300065T 0601897X0000000092096 24778822400001948   700000000000194831102024000000000020493341002790000001948                0900000000000010100000000000000000000000000000000000000   000000000000000000000000004        170192477882     
0010001300066U 060000000000000000000000000000000000000000000000000000000000000000000000204930000000000204930000000000000000000000000000003010202431102024            000000000000000                              000                           
0010001300067T 0601897X0000000092096 24778822400002031   700000000000203131102024000000008601794033002850000002031                0900000000000010100000000000000000000000000000000000000   000000000000000000000000004        170192477882     
0010001300068U 060000000000000000000000000000000000000000000000000000000000000000000086017940000000086017940000000000000000000000000000003010202431102024            000000000000000                              000                           
0010001300069T 0601897X0000000092096 24778822400002067   700000000000206731102024000000004258695001009741000002067                0900000000000010040000000000000000000000000000000000000   000000000000000000000000034        170192477882     
0010001300070U 060000000000000000000000000000000000000000000000000000000000000000000042586950000000042586950000000000000000000000000000003010202431102024            000000000000000                              000                           
0010001300071T 0601897X0000000092096 24778822400002095   700000000000209531102024000000003185871033002850000002095                0900000000000010100000000000000000000000000000000000000   000000000000000000000000004        170192477882     
0010001300072U 060000000000000000000000000000000000000000000000000000000000000000000031858710000000031858710000000000000000000000000000003010202431102024            000000000000000                              000                           
0010001300073T 0601897X0000000092096 24778822400002111   700000000000211131102024000000002711365341009100000002111                0900000000000010100000000000000000000000000000000000000   000000000000000000000000004        170192477882     
0010001300074U 060000000000000000000000000000000000000000000000000000000000000000000027113650000000027113650000000000000000000000000000003010202431102024            000000000000000                              000                           
0010001300075T 0601897X0000000092096 24778822400002131   700000000000213131102024000000001851747033002850000002131                0900000000000010100000000000000000000000000000000000000   000000000000000000000000004        170192477882     
0010001300076U 060000000000000000000000000000000000000000000000000000000000000000000018517470000000018517470000000000000000000000000000003010202431102024            000000000000000                              000                           
0010001300077T 0601897X0000000092096 24778822400002247   700000000000224731102024000000000640987033030640000002247                0900000000000010100000000000000000000000000000000000000   000000000000000000000000004        170192477882     
0010001300078U 060000000000000000000000000000000000000000000000000000000000000000000006409870000000006409870000000000000000000000000000003010202431102024            000000000000000                              000                           
0010001300079T 0601897X0000000092096 24778822400002279   700000000000227931102024000000000541688341001100000002279                0900000000000010100000000000000000000000000000000000000   000000000000000000000000004        170192477882     
0010001300080U 060000000000000000000000000000000000000000000000000000000000000000000005416880000000005416880000000000000000000000000000003010202431102024            000000000000000                              000                           
0010001300081T 0601897X0000000092096 24778822400002283   700000000000228331102024000000000528365237033710000002283                0900000000000010100000000000000000000000000000000000000   000000000000000000000000004        170192477882     
0010001300082U 060000000000000000000000000000000000000000000000000000000000000000000005283650000000005283650000000000000000000000000000003010202431102024            000000000000000                              000                           
0010001300083T 0601897X0000000092096 24778822400002335   700000000000233531102024000000000438857341005600000002335                0900000000000010100000000000000000000000000000000000000   000000000000000000000000004        170192477882     
0010001300084U 060000000000000000000000000000000000000000000000000000000000000000000004388570000000004388570000000000000000000000000000003010202431102024            000000000000000                              000                           
0010001300085T 0601897X0000000092096 24778822400002351   700000000000235131102024000000000422316104033180000002351                0900000000000010100000000000000000000000000000000000000   000000000000000000000000004        170192477882     
0010001300086U 060000000000000000000000000000000000000000000000000000000000000000000004223160000000004223160000000000000000000000000000003010202431102024            000000000000000                              000                           
0010001300087T 0601897X0000000092096 24778822400002619   700000000000261931102024000000000222636001033626000002619                0900000000000010090000000000000000000000000000000000000   000000000000000000000000006        170192477882     
0010001300088U 060000000000000000000000000000000000000000000000000000000000000000000002226360000000002226360000000000000000000000000000003010202431102024            000000000000000                              000                           
0010001300089T 0601897X0000000092096 24778822400002639   700000000000263931102024000000000216335341015650000002639                0900000000000010100000000000000000000000000000000000000   000000000000000000000000004        170192477882     
0010001300090U 060000000000000000000000000000000000000000000000000000000000000000000002163350000000002163350000000000000000000000000000003010202431102024            000000000000000                              000                           
0010001300091T 0601897X0000000092096 24778822400002807   700000000000280731102024000000000163271341087450000002807                0900000000000010100000000000000000000000000000000000000   000000000000000000000000004        170192477882     
0010001300092U 060000000000000000000000000000000000000000000000000000000000000000000001632710000000001632710000000000000000000000000000003010202431102024            000000000000000                              000                           
0010001300093T 0601897X0000000092096 24778822400002851   700000000000285131102024000000000155114341015650000002851                0900000000000010100000000000000000000000000000000000000   000000000000000000000000004        170192477882     
0010001300094U 060000000000000000000000000000000000000000000000000000000000000000000001551140000000001551140000000000000000000000000000003010202431102024            000000000000000                              000                           
0010001300095T 0601897X0000000092096 24778822400002863   700000000000286331102024000000000151758237002150000002863                0900000000000010100000000000000000000000000000000000000   000000000000000000000000004        170192477882     
0010001300096U 060000000000000000000000000000000000000000000000000000000000000000000001517580000000001517580000000000000000000000000000003010202431102024            000000000000000                              000                           
0010001300097T 0601897X0000000092096 24778822400002915   700000000000291531102024000000000146383748050300000002915                0900000000000010100000000000000000000000000000000000000   000000000000000000000000004        170192477882     
0010001300098U 060000000000000000000000000000000000000000000000000000000000000000000001463830000000001463830000000000000000000000000000003010202431102024            000000000000000                              000                           
0010001300099T 0601897X0000000092096 24778822400003059   700000000000305931102024000000000125541341008970000003059                0900000000000010100000000000000000000000000000000000000   000000000000000000000000004        170192477882     
0010001300100U 060000000000000000000000000000000000000000000000000000000000000000000001255410000000001255410000000000000000000000000000003010202431102024            000000000000000                              000                           
0010001300101T 0601897X0000000092096 24778822400003183   700000000000318331102024000000000111144341015650000003183                0900000000000010100000000000000000000000000000000000000   000000000000000000000000004        170192477882     
0010001300102U 060000000000000000000000000000000000000000000000000000000000000000000001111440000000001111440000000000000000000000000000003010202431102024            000000000000000                              000                           
0010001300103T 0601897X0000000092096 24778822400003203   700000000000320331102024000000000109788237009270000003203                0900000000000010100000000000000000000000000000000000000   000000000000000000000000004        170192477882     
0010001300104U 060000000000000000000000000000000000000000000000000000000000000000000001097880000000001097880000000000000000000000000000003010202431102024            000000000000000                              000                           
0010001300105T 0601897X0000000092096 24778822400003247   700000000000324731102024000000000106128341002790000003247                0900000000000010100000000000000000000000000000000000000   000000000000000000000000004        170192477882     
0010001300106U 060000000000000000000000000000000000000000000000000000000000000000000001061280000000001061280000000000000000000000000000003010202431102024            000000000000000                              000                           
0010001300107T 0601897X0000000092096 24778822400003311   700000000000331131102024000000000098788341000280000003311                0900000000000010100000000000000000000000000000000000000   000000000000000000000000004        170192477882     
0010001300108U 060000000000000000000000000000000000000000000000000000000000000000000000987880000000000987880000000000000000000000000000003010202431102024            000000000000000                              000                           
0010001300109T 0601897X0000000092096 24778822400003391   700000000000339131102024000000000087830341060660000003391                0900000000000010100000000000000000000000000000000000000   000000000000000000000000004        170192477882     
0010001300110U 060000000000000000000000000000000000000000000000000000000000000000000000878300000000000878300000000000000000000000000000003010202431102024            000000000000000                              000                           
0010001300111T 0601897X0000000092096 24778822400003419   700000000000341931102024000000000087569033000130000003419                0900000000000010100000000000000000000000000000000000000   000000000000000000000000004        170192477882     
0010001300112U 060000000000000000000000000000000000000000000000000000000000000000000000875690000000000875690000000000000000000000000000003010202431102024            000000000000000                              000                           
0010001300113T 0601897X0000000092096 24778822400003455   700000000000345531102024000000000083688329000010000003455                0900000000000010100000000000000000000000000000000000000   000000000000000000000000004        170192477882     
0010001300114U 060000000000000000000000000000000000000000000000000000000000000000000000836880000000000836880000000000000000000000000000003010202431102024            000000000000000                              000                           
0010001300115T 0601897X0000000092096 24778822400003503   700000000000350331102024000000000080101341001690000003503                0900000000000010100000000000000000000000000000000000000   000000000000000000000000004        170192477882     
0010001300116U 060000000000000000000000000000000000000000000000000000000000000000000000801010000000000801010000000000000000000000000000003010202431102024            000000000000000                              000                           
0010001300117T 0601897X0000000092096 24778822400003591   700000000000359131102024000000000073192001031666000003591                0900000000000010060000000000000000000000000000000000000   000000000000000000000000033        170192477882     
0010001300118U 060000000000000000000000000000000000000000000000000000000000000000000000731920000000000731920000000000000000000000000000003010202431102024            000000000000000                              000                           
0010001300119T 0601897X0000000092096 24778822400003619   700000000000361931102024000000000073192341087450000003619                0900000000000010100000000000000000000000000000000000000   000000000000000000000000004        170192477882     
0010001300120U 060000000000000000000000000000000000000000000000000000000000000000000000731920000000000731920000000000000000000000000000003010202431102024            000000000000000                              000                           
0010001300121T 0601897X0000000092096 24778822400003687   700000000000368731102024000000000070996237004800000003687                0900000000000010100000000000000000000000000000000000000   000000000000000000000000004        170192477882     
0010001300122U 060000000000000000000000000000000000000000000000000000000000000000000000709960000000000709960000000000000000000000000000003010202431102024            000000000000000                              000                           
0010001300123T 0601897X0000000092096 24778822400003715   700000000000371531102024000000000069246509000010000003715                0900000000000010100000000000000000000000000000000000000   000000000000000000000000004        170192477882     
0010001300124U 060000000000000000000000000000000000000000000000000000000000000000000000692460000000000692460000000000000000000000000000003010202431102024            000000000000000                              000                           
0010001300125T 0601897X0000000092096 24778822400003723   700000000000372331102024000000000067826341008970000003723                0900000000000010100000000000000000000000000000000000000   000000000000000000000000004        170192477882     
0010001300126U 060000000000000000000000000000000000000000000000000000000000000000000000678260000000000678260000000000000000000000000000003010202431102024            000000000000000                              000                           
0010001300127T 0601897X0000000092096 24778822400003799   700000000000379931102024000000000065873341003010000003799                0900000000000010100000000000000000000000000000000000000   000000000000000000000000004        170192477882     
0010001300128U 060000000000000000000000000000000000000000000000000000000000000000000000658730000000000658730000000000000000000000000000003010202431102024            000000000000000                              000                           
0010001300129T 0601897X0000000092096 24778822400003839   700000000000383931102024000000000063897341018280000003839                0900000000000010100000000000000000000000000000000000000   000000000000000000000000004        170192477882     
0010001300130U 060000000000000000000000000000000000000000000000000000000000000000000000638970000000000638970000000000000000000000000000003010202431102024            000000000000000                              000                           
0010001300131T 0601897X0000000092096 24778822400003843   700000000000384331102024000000000063885033033770000003843                0900000000000010100000000000000000000000000000000000000   000000000000000000000000004        170192477882     
0010001300132U 060000000000000000000000000000000000000000000000000000000000000000000000638850000000000638850000000000000000000000000000003010202431102024            000000000000000                              000                           
0010001300133T 0601897X0000000092096 24778822400003923   700000000000392331102024000000000059690237033670000003923                0900000000000010100000000000000000000000000000000000000   000000000000000000000000004        170192477882     
0010001300134U 060000000000000000000000000000000000000000000000000000000000000000000000596900000000000596900000000000000000000000000000003010202431102024            000000000000000                              000                           
0010001300135T 0601897X0000000092096 24778822400003995   700000000000399531102024000000000058349341000120000003995                0900000000000010100000000000000000000000000000000000000   000000000000000000000000004        170192477882     
0010001300136U 060000000000000000000000000000000000000000000000000000000000000000000000583490000000000583490000000000000000000000000000003010202431102024            000000000000000                              000                           
0010001300137T 0601897X0000000092096 24778822400004019   700000000000401931102024000000000057556341015650000004019                0900000000000010100000000000000000000000000000000000000   000000000000000000000000004        170192477882     
0010001300138U 060000000000000000000000000000000000000000000000000000000000000000000000575560000000000575560000000000000000000000000000003010202431102024            000000000000000                              000                           
0010001300139T 0601897X0000000092096 24778822400004063   700000000000406331102024000000000056524001008117000004063                0900000000000010040000000000000000000000000000000000000   000000000000000000000000034        170192477882     
0010001300140U 060000000000000000000000000000000000000000000000000000000000000000000000565240000000000565240000000000000000000000000000003010202431102024            000000000000000                              000                           
0010001300141T 0601897X0000000092096 24778822400004111   700000000000411131102024000000000054894341002790000004111                0900000000000010100000000000000000000000000000000000000   000000000000000000000000004        170192477882     
0010001300142U 060000000000000000000000000000000000000000000000000000000000000000000000548940000000000548940000000000000000000000000000003010202431102024            000000000000000                              000                           
0010001300143T 0601897X0000000092096 24778822400004231   700000000000423131102024000000000051070341001830000004231                0900000000000010100000000000000000000000000000000000000   000000000000000000000000004        170192477882     
0010001300144U 060000000000000000000000000000000000000000000000000000000000000000000000510700000000000510700000000000000000000000000000003010202431102024            000000000000000                              000                           
0010001300145T 0601897X0000000092096 24778822400004239   700000000000423931102024000000000050898341000120000004239                0900000000000010100000000000000000000000000000000000000   000000000000000000000000004        170192477882     
0010001300146U 060000000000000000000000000000000000000000000000000000000000000000000000508980000000000508980000000000000000000000000000003010202431102024            000000000000000                              000                           
0010001300147T 0601897X0000000092096 24778822400004307   700000000000430731102024000000000047575033002850000004307                0900000000000010100000000000000000000000000000000000000   000000000000000000000000004        170192477882     
0010001300148U 060000000000000000000000000000000000000000000000000000000000000000000000475750000000000475750000000000000000000000000000003010202431102024            000000000000000                              000                           
0010001300149T 0601897X0000000092096 24778822400004327   700000000000432731102024000000000047213237016380000004327                0900000000000010100000000000000000000000000000000000000   000000000000000000000000004        170192477882     
0010001300150U 060000000000000000000000000000000000000000000000000000000000000000000000472130000000000472130000000000000000000000000000003010202431102024            000000000000000                              000                           
0010001300151T 0601897X0000000092096 24778822400004371   700000000000437131102024000000000044355104029770000004371                0900000000000010100000000000000000000000000000000000000   000000000000000000000000004        170192477882     
0010001300152U 060000000000000000000000000000000000000000000000000000000000000000000000443550000000000443550000000000000000000000000000003010202431102024            000000000000000                              000                           
0010001300153T 0601897X0000000092096 24778822400004411   700000000000441131102024000000000043915237033930000004411                0900000000000010100000000000000000000000000000000000000   000000000000000000000000004        170192477882     
0010001300154U 060000000000000000000000000000000000000000000000000000000000000000000000439150000000000439150000000000000000000000000000003010202431102024            000000000000000                              000                           
0010001300155T 0601897X0000000092096 24778822400004459   700000000000445931102024000000000042817237019700000004459                0900000000000010100000000000000000000000000000000000000   000000000000000000000000004        170192477882     
0010001300156U 060000000000000000000000000000000000000000000000000000000000000000000000428170000000000428170000000000000000000000000000003010202431102024            000000000000000                              000                           
0010001300157T 0601897X0000000092096 24778822400004543   700000000000454331102024000000000039524341005460000004543                0900000000000010100000000000000000000000000000000000000   000000000000000000000000004        170192477882     
0010001300158U 060000000000000000000000000000000000000000000000000000000000000000000000395240000000000395240000000000000000000000000000003010202431102024            000000000000000                              000                           
0010001300159T 0601897X0000000092096 24778822400004619   700000000000461931102024000000000038098341000110000004619                0900000000000010100000000000000000000000000000000000000   000000000000000000000000004        170192477882     
0010001300160U 060000000000000000000000000000000000000000000000000000000000000000000000380980000000000380980000000000000000000000000000003010202431102024            000000000000000                              000                           
0010001300161T 0601897X0000000092096 24778822400004651   700000000000465131102024000000000036596237033910000004651                0900000000000010100000000000000000000000000000000000000   000000000000000000000000004        170192477882     
0010001300162U 060000000000000000000000000000000000000000000000000000000000000000000000365960000000000365960000000000000000000000000000003010202431102024            000000000000000                              000                           
0010001300163T 0601897X0000000092096 24778822400004683   700000000000468331102024000000000036596237003140000004683                0900000000000010100000000000000000000000000000000000000   000000000000000000000000004        170192477882     
0010001300164U 060000000000000000000000000000000000000000000000000000000000000000000000365960000000000365960000000000000000000000000000003010202431102024            000000000000000                              000                           
0010001300165T 0601897X0000000092096 24778822400004719   700000000000471931102024000000000036472341000540000004719                0900000000000010100000000000000000000000000000000000000   000000000000000000000000004        170192477882     
0010001300166U 060000000000000000000000000000000000000000000000000000000000000000000000364720000000000364720000000000000000000000000000003010202431102024            000000000000000                              000                           
0010001300167T 0601897X0000000092096 24778822400004783   700000000000478331102024000000000035132033005350000004783                0900000000000010100000000000000000000000000000000000000   000000000000000000000000004        170192477882     
0010001300168U 060000000000000000000000000000000000000000000000000000000000000000000000351320000000000351320000000000000000000000000000003010202431102024            000000000000000                              000                           
0010001300169T 0601897X0000000092096 24778822400004883   700000000000488331102024000000000033493341000120000004883                0900000000000010100000000000000000000000000000000000000   000000000000000000000000004        170192477882     
0010001300170U 060000000000000000000000000000000000000000000000000000000000000000000000334930000000000334930000000000000000000000000000003010202431102024            000000000000000                              000                           
0010001300171T 0601897X0000000092096 24778822400004923   700000000000492331102024000000000032936237003190000004923                0900000000000010100000000000000000000000000000000000000   000000000000000000000000004        170192477882     
0010001300172U 060000000000000000000000000000000000000000000000000000000000000000000000329360000000000329360000000000000000000000000000003010202431102024            000000000000000                              000                           
0010001300173T 0601897X0000000092096 24778822400004955   700000000000495531102024000000000032707341012920000004955                0900000000000010100000000000000000000000000000000000000   000000000000000000000000004        170192477882     
0010001300174U 060000000000000000000000000000000000000000000000000000000000000000000000327070000000000327070000000000000000000000000000003010202431102024            000000000000000                              000                           
0010001300175T 0601897X0000000092096 24778822400004979   700000000000497931102024000000000032204001023248000004979                0900000000000010060000000000000000000000000000000000000   000000000000000000000000033        170192477882     
0010001300176U 060000000000000000000000000000000000000000000000000000000000000000000000322040000000000322040000000000000000000000000000003010202431102024            000000000000000                              000                           
0010001300177T 0601897X0000000092096 24778822400004995   700000000000499531102024000000000032105341026330000004995                0900000000000010100000000000000000000000000000000000000   000000000000000000000000004        170192477882     
0010001300178U 060000000000000000000000000000000000000000000000000000000000000000000000321050000000000321050000000000000000000000000000003010202431102024            000000000000000                              000                           
0010001300179T 0601897X0000000092096 24778822400005039   700000000000503931102024000000000031472341000410000005039                0900000000000010100000000000000000000000000000000000000   000000000000000000000000004        170192477882     
0010001300180U 060000000000000000000000000000000000000000000000000000000000000000000000314720000000000314720000000000000000000000000000003010202431102024            000000000000000                              000                           
0010001300181T 0601897X0000000092096 24778822400005055   700000000000505531102024000000000031075341005250000005055                0900000000000010100000000000000000000000000000000000000   000000000000000000000000004        170192477882     
0010001300182U 060000000000000000000000000000000000000000000000000000000000000000000000310750000000000310750000000000000000000000000000003010202431102024            000000000000000                              000                           
0010001300183T 0601897X0000000092096 24778822400005147   700000000000514731102024000000000029634341044580000005147                0900000000000010100000000000000000000000000000000000000   000000000000000000000000004        170192477882     
0010001300184U 060000000000000000000000000000000000000000000000000000000000000000000000296340000000000296340000000000000000000000000000003010202431102024            000000000000000                              000                           
0010001300185T 0601897X0000000092096 24778822400005164   700000000000516429112024000000000029288237033710000005164                0900000000000010100000000000000000000000000000000000000   000000000000000000000000004        170192477882     
0010001300186U 060000000000000000000000000000000000000000000000000000000000000000000000292880000000000292880000000000000000000000000000003010202431102024            000000000000000                              000                           
0010001300187T 0601897X0000000092096 24778822400005171   700000000000517131102024000000000029277341002790000005171                0900000000000010100000000000000000000000000000000000000   000000000000000000000000004        170192477882     
0010001300188U 060000000000000000000000000000000000000000000000000000000000000000000000292770000000000292770000000000000000000000000000003010202431102024            000000000000000                              000                           
0010001300189T 0601897X0000000092096 24778822400005223   700000000000522331102024000000000028307341080310000005223                0900000000000010100000000000000000000000000000000000000   000000000000000000000000004        170192477882     
0010001300190U 060000000000000000000000000000000000000000000000000000000000000000000000283070000000000283070000000000000000000000000000003010202431102024            000000000000000                              000                           
0010001300191T 0601897X0000000092096 24778822400005319   700000000000531931102024000000000026349001040932000005319                0900000000000010020000000000000000000000000000000000000   000000000000000000000000033        170192477882     
0010001300192U 060000000000000000000000000000000000000000000000000000000000000000000000263490000000000263490000000000000000000000000000003010202431102024            000000000000000                              000                           
0010001300193T 0601897X0000000092096 24778822400005367   700000000000536731102024000000000025617341002790000005367                0900000000000010100000000000000000000000000000000000000   000000000000000000000000004        170192477882     
0010001300194U 060000000000000000000000000000000000000000000000000000000000000000000000256170000000000256170000000000000000000000000000003010202431102024            000000000000000                              000                           
0010001300195T 0601897X0000000092096 24778822400005371   700000000000537131102024000000000025617509000010000005371                0900000000000010100000000000000000000000000000000000000   000000000000000000000000004        170192477882     
0010001300196U 060000000000000000000000000000000000000000000000000000000000000000000000256170000000000256170000000000000000000000000000003010202431102024            000000000000000                              000                           
0010001300197T 0601897X0000000092096 24778822400005411   700000000000541131102024000000000025046237005200000005411                0900000000000010100000000000000000000000000000000000000   000000000000000000000000004        170192477882     
0010001300198U 060000000000000000000000000000000000000000000000000000000000000000000000250460000000000250460000000000000000000000000000003010202431102024            000000000000000                              000                           
0010001300199T 0601897X0000000092096 24778822400005427   700000000000542731102024000000000024885341007960000005427                0900000000000010100000000000000000000000000000000000000   000000000000000000000000004        170192477882     
0010001300200U 060000000000000000000000000000000000000000000000000000000000000000000000248850000000000248850000000000000000000000000000003010202431102024            000000000000000                              000                           
0010001300201T 0601897X0000000092096 24778822400005435   700000000000543531102024000000000024665341000500000005435                0900000000000010100000000000000000000000000000000000000   000000000000000000000000004        170192477882     
0010001300202U 060000000000000000000000000000000000000000000000000000000000000000000000246650000000000246650000000000000000000000000000003010202431102024            000000000000000                              000                           
0010001300203T 0601897X0000000092096 24778822400005447   700000000000544731102024000000000024389001004561000005447                0900000000000010040000000000000000000000000000000000000   000000000000000000000000034        170192477882     
0010001300204U 060000000000000000000000000000000000000000000000000000000000000000000000243890000000000243890000000000000000000000000000003010202431102024            000000000000000                              000                           
0010001300205T 0601897X0000000092096 24778822400005591   700000000000559131102024000000000022197341015650000005591                0900000000000010100000000000000000000000000000000000000   000000000000000000000000004        170192477882     
0010001300206U 060000000000000000000000000000000000000000000000000000000000000000000000221970000000000221970000000000000000000000000000003010202431102024            000000000000000                              000                           
0010001300207T 0601897X0000000092096 24778822400005647   700000000000564731102024000000000021958341002790000005647                0900000000000010100000000000000000000000000000000000000   000000000000000000000000004        170192477882     
0010001300208U 060000000000000000000000000000000000000000000000000000000000000000000000219580000000000219580000000000000000000000000000003010202431102024            000000000000000                              000                           
0010001300209T 0601897X0000000092096 24778822400005651   700000000000565131102024000000000021958341009100000005651                0900000000000010100000000000000000000000000000000000000   000000000000000000000000004        170192477882     
0010001300210U 060000000000000000000000000000000000000000000000000000000000000000000000219580000000000219580000000000000000000000000000003010202431102024            000000000000000                              000                           
0010001300211T 0601897X0000000092096 24778822400005715   700000000000571531102024000000000021511001033839000005715                0900000000000010040000000000000000000000000000000000000   000000000000000000000000034        170192477882     
0010001300212U 060000000000000000000000000000000000000000000000000000000000000000000000215110000000000215110000000000000000000000000000003010202431102024            000000000000000                              000                           
0010001300213T 0601897X0000000092096 24778822400005751   700000000000575131102024000000000021176084000260000005751                0900000000000010100000000000000000000000000000000000000   000000000000000000000000004        170192477882     
0010001300214U 060000000000000000000000000000000000000000000000000000000000000000000000211760000000000211760000000000000000000000000000003010202431102024            000000000000000                              000                           
0010001300215T 0601897X0000000092096 24778822400005803   700000000000580331102024000000000020750237003150000005803                0900000000000010100000000000000000000000000000000000000   000000000000000000000000004        170192477882     
0010001300216U 060000000000000000000000000000000000000000000000000000000000000000000000207500000000000207500000000000000000000000000000003010202431102024            000000000000000                              000                           
0010001300217T 0601897X0000000092096 24778822400005827   700000000000582731102024000000000020494033003030000005827                0900000000000010100000000000000000000000000000000000000   000000000000000000000000004        170192477882     
0010001300218U 060000000000000000000000000000000000000000000000000000000000000000000000204940000000000204940000000000000000000000000000003010202431102024            000000000000000                              000                           
0010001300219T 0601897X0000000092096 24778822400005839   700000000000583931102024000000000020346341008970000005839                0900000000000010100000000000000000000000000000000000000   000000000000000000000000004        170192477882     
0010001300220U 060000000000000000000000000000000000000000000000000000000000000000000000203460000000000203460000000000000000000000000000003010202431102024            000000000000000                              000                           
0010001300221T 0601897X0000000092096 24778822400005859   700000000000585931102024000000000020104237003170000005859                0900000000000010100000000000000000000000000000000000000   000000000000000000000000004        170192477882     
0010001300222U 060000000000000000000000000000000000000000000000000000000000000000000000201040000000000201040000000000000000000000000000003010202431102024            000000000000000                              000                           
0010001300223T 0601897X0000000092096 24778829000008216   7000008216      31102024000000000029277341023500000008216                0900000000000010100000000000000000000000000000000000000   000000000000000000000000004        170192477882     
0010001300224U 060000000000000000000000000000000000000000000000000000000000000000000000292770000000000292770000000000000000000000000000003010202431102024            000000000000000                              000                           
0010001300225T 0601897X0000000092096 24778829000008245   7000008245      31102024000000000287960341015650000008245                0900000000000010100000000000000000000000000000000000000   000000000000000000000000004        170192477882     
0010001300226U 060000000000000000000000000000000000000000000000000000000000000000000002879600000000002879600000000000000000000000000000003010202431102024            000000000000000                              000                           
0010001300227T 0601897X0000000092096 24778829000008248   7000008248      31102024000000000247312341007960000008248                0900000000000010100000000000000000000000000000000000000   000000000000000000000000004        170192477882     
0010001300228U 060000000000000000000000000000000000000000000000000000000000000000000002473120000000002473120000000000000000000000000000003010202431102024            000000000000000                              000                           
0010001300229T 0601897X0000000092096 24778829000008269   7000008269      31102024000000000026567341014030000008269                0900000000000010100000000000000000000000000000000000000   000000000000000000000000004        170192477882     
0010001300230U 060000000000000000000000000000000000000000000000000000000000000000000000265670000000000265670000000000000000000000000000003010202431102024            000000000000000                              000                           
0010001300231T 0601897X0000000092096 24778829000008270   7000008270      31102024000000000488282341014030000008270                0900000000000010100000000000000000000000000000000000000   000000000000000000000000004        170192477882     
0010001300232U 060000000000000000000000000000000000000000000000000000000000000000000004882820000000004882820000000000000000000000000000003010202431102024            000000000000000                              000                           
0010001300233T 0601897X0000000092096 24778829000008316   7000008316      31102024000000000331768341076600000008316                0900000000000010100000000000000000000000000000000000000   000000000000000000000000004        170192477882     
0010001300234U 060000000000000000000000000000000000000000000000000000000000000000000003317680000000003317680000000000000000000000000000003010202431102024            000000000000000                              000                           
0010001300235T 0601897X0000000092096 24778829000008334   7000008334      31102024000000000322917104029090000008334                0900000000000010100000000000000000000000000000000000000   000000000000000000000000004        170192477882     
0010001300236U 060000000000000000000000000000000000000000000000000000000000000000000003229170000000003229170000000000000000000000000000003010202431102024            000000000000000                              000                           
0010001300237T 0601897X0000000092096 24778829000008347   7000008347      31102024000000000037979341064170000008347                0900000000000010100000000000000000000000000000000000000   000000000000000000000000004        170192477882     
0010001300238U 060000000000000000000000000000000000000000000000000000000000000000000000379790000000000379790000000000000000000000000000003010202431102024            000000000000000                              000                           
00100015         000240003845000000014473714350000000000000000000000000000000000000000000000000000000000000000000000000000000000000000000000000000                                                                                              
00199999         000001000242000000                                                                                                                                                            00000000000000000000000000000                    
