00100000         2115139610001160024778820014       01897X0000000092096 FUNDACAO AGENCIA DAS BACIAS HIBANCO DO BRASIL                         21209202402022400574903000000829973081PROCESSAMEN                                                 
00100011T0100020 20115139610001160024778820014       01897X0000000092096 FUNDACAO AGENCIA DAS BACIAS HI                                                                                000000001209202400000000  000000000                      
0010001300001T 0201897X0000000092096 24778829000008213   7000008213      3009202400000000002301000101849X000008213                0900000000000010500000000000000000000000000000000000000   0000000000000000000000496A9A4      170192477882     
0010001300002U 020000000000000000000000000000000000000000000000000000000000000000000000000000000000000000000000000000000000000000000000001209202400000000            000000000000000                              000                           
0010001300003T 0201897X0000000092096 24778829000008214   7000008214      30092024000000000400974001000566000008214                0900000000000010500000000000000000000000000000000000000   0000000000000000000000496A9A4      170192477882     
0010001300004U 020000000000000000000000000000000000000000000000000000000000000000000000000000000000000000000000000000000000000000000000001209202400000000            000000000000000                              000                           
0010001300005T 0201897X0000000092096 24778829000008215   7000008215      30092024000000000029276001003409000008215                0900000000000010000000000000000000000000000000000000000   0000000000000000000000496A9        170192477882     
0010001300006U 020000000000000000000000000000000000000000000000000000000000000000000000000000000000000000000000000000000000000000000000001209202400000000            000000000000000                              000                           
0010001300007T 0201897X0000000092096 24778829000008216   7000008216      31102024000000000029277001003409000008216                0900000000000010000000000000000000000000000000000000000   0000000000000000000000496A9        170192477882     
0010001300008U 020000000000000000000000000000000000000000000000000000000000000000000000000000000000000000000000000000000000000000000000001209202400000000            000000000000000                              000                           
0010001300009T 0201897X0000000092096 24778829000008217   7000008217      29112024000000000029277001003409000008217                0900000000000010000000000000000000000000000000000000000   0000000000000000000000496A9        170192477882     
0010001300010U 020000000000000000000000000000000000000000000000000000000000000000000000000000000000000000000000000000000000000000000000001209202400000000            000000000000000                              000                           
0010001300011T 0201897X0000000092096 24778829000008218   7000008218      19122024000000000029277001003409000008218                0900000000000010000000000000000000000000000000000000000   0000000000000000000000496A9        170192477882     
0010001300012U 020000000000000000000000000000000000000000000000000000000000000000000000000000000000000000000000000000000000000000000000001209202400000000            000000000000000                              000                           
0010001300013T 0601897X0000000092096 24778822400000031   700000000000003130092024000000000428952033020170000000031                0900000000000010100000000000000000000000000000000000000   000000000000000000000000004        170192477882     
0010001300014U 060000000000000000000000000000000000000000000000000000000000000000000004289520000000004289520000000000000000000000000000001209202413092024            000000000000000                              000                           
0010001300015T 0601897X0000000092096 24778822400000211   700000000000021130092024000000000058372341006600000000211                0900000000000010100000000000000000000000000000000000000   000000000000000000000000004        170192477882     
0010001300016U 060000000000000000000000000000000000000000000000000000000000000000000000583720000000000583720000000000000000000000000000001209202413092024            000000000000000                              000                           
0010001300017T 0601897X0000000092096 24778822400000618   700000000000061830092024000000000025661260000010000000618                0900000000000010100000000000000000000000000000000000000   000000000000000000000000004        170192477882     
0010001300018U 060000000000000000000000000000000000000000000000000000000000000000000000256610000000000256610000000000000000000000000000001209202413092024            000000000000000                              000                           
0010001300019T 0601897X0000000092096 24778822400000796   700000000000079630092024000000000019883033000290000000796                0900000000000010100000000000000000000000000000000000000   000000000000000000000000004        170192477882     
0010001300020U 060000000000000000000000000000000000000000000000000000000000000000000000198830000000000198830000000000000000000000000000001209202413092024            000000000000000                              000                           
0010001300021T 0601897X0000000092096 24778822400001004   700000000000100430092024000000000005122104047920000001004                0900000000000010100000000000000000000000000000000000000   000000000000000000000000004        170192477882     
0010001300022U 060000000000000000000000000000000000000000000000000000000000000000000000051220000000000051220000000000000000000000000000001209202413092024            000000000000000                              000                           
0010001300023T 0601897X0000000092096 24778822400003698   700000000000369830092024000000000070429237019150000003698                0900000000000010100000000000000000000000000000000000000   000000000000000000000000004        170192477882     
0010001300024U 060000000000000000000000000000000000000000000000000000000000000000000000704290000000000704290000000000000000000000000000001209202413092024            000000000000000                              000                           
0010001300025T 0901897X0000000092096 24778822400003298   700000000000329830092024000000000100242001000566000003298                0900000000000000000000000000000000000000000000000000000   000000000000000000000037210        170192477882     
0010001300026U 090000000000000000000000000000000000000000000000000000000000000000000000000000000000000000000000000000000000000000000000001209202400000000            000000000000000                              000                           
0010001300027T 0901897X0000000092096 24778822400003299   700000000000329931102024000000000100244001000566000003299                0900000000000000000000000000000000000000000000000000000   000000000000000000000037210        170192477882     
0010001300028U 090000000000000000000000000000000000000000000000000000000000000000000000000000000000000000000000000000000000000000000000001209202400000000            000000000000000                              000                           
0010001300029T 0901897X0000000092096 24778822400003300   700000000000330029112024000000000100244001000566000003300                0900000000000000000000000000000000000000000000000000000   000000000000000000000037210        170192477882     
0010001300030U 090000000000000000000000000000000000000000000000000000000000000000000000000000000000000000000000000000000000000000000000001209202400000000            000000000000000                              000                           
0010001300031T 0901897X0000000092096 24778822400003301   700000000000330119122024000000000100244001000566000003301                0900000000000000000000000000000000000000000000000000000   000000000000000000000037210        170192477882     
0010001300032U 090000000000000000000000000000000000000000000000000000000000000000000000000000000000000000000000000000000000000000000000001209202400000000            000000000000000                              000                           
0010001300033T 0901897X0000000092096 24778822400005178   700000000000517830092024000000000029276001003018000005178                0900000000000000000000000000000000000000000000000000000   000000000000000000000037210        170192477882     
0010001300034U 090000000000000000000000000000000000000000000000000000000000000000000000000000000000000000000000000000000000000000000000001209202400000000            000000000000000                              000                           
0010001300035T 0901897X0000000092096 24778822400005179   700000000000517931102024000000000029277001003018000005179                0900000000000000000000000000000000000000000000000000000   000000000000000000000037210        170192477882     
0010001300036U 090000000000000000000000000000000000000000000000000000000000000000000000000000000000000000000000000000000000000000000000001209202400000000            000000000000000                              000                           
0010001300037T 0901897X0000000092096 24778822400005180   700000000000518029112024000000000029277001003018000005180                0900000000000000000000000000000000000000000000000000000   000000000000000000000037210        170192477882     
0010001300038U 090000000000000000000000000000000000000000000000000000000000000000000000000000000000000000000000000000000000000000000000001209202400000000            000000000000000                              000                           
0010001300039T 0901897X0000000092096 24778822400005181   700000000000518119122024000000000029277001003018000005181                0900000000000000000000000000000000000000000000000000000   000000000000000000000037210        170192477882     
0010001300040U 090000000000000000000000000000000000000000000000000000000000000000000000000000000000000000000000000000000000000000000000001209202400000000            000000000000000                              000                           
00100015         000042005856000000020883230870000000000000000000000000000000000000000000000000000000000000000000000000000000000000000000000000000                                                                                              
00199999         000001000044000000                                                                                                                                                            00000000000000000000000000000                    
