00100000         2115139610001160024778820014       01897X0000000092096 FUNDACAO AGENCIA DAS BACIAS HIBANCO DO BRASIL                         20910202401591500578703000000829973081PROCESSAMEN                                                 
00100011T0100020 20115139610001160024778820014       01897X0000000092096 FUNDACAO AGENCIA DAS BACIAS HI                                                                                000000000910202400000000  000000000                      
0010001300001T 0201897X0000000092096 24778829000008266   7000008266      31102024000000000041871001003409000008266                0900000000000010500000000000000000000000000000000000000   0000000000000000000000496A9A4      170192477882     
0010001300002U 020000000000000000000000000000000000000000000000000000000000000000000000000000000000000000000000000000000000000000000000000910202400000000            000000000000000                              000                           
0010001300003T 0201897X0000000092096 24778829000008267   7000008267      29112024000000000041871001003409000008267                0900000000000010500000000000000000000000000000000000000   0000000000000000000000496A9A4      170192477882     
0010001300004U 020000000000000000000000000000000000000000000000000000000000000000000000000000000000000000000000000000000000000000000000000910202400000000            000000000000000                              000                           
0010001300005T 0201897X0000000092096 24778829000008268   7000008268      15102024000000000022453001004154000008268                0900000000000010500000000000000000000000000000000000000   0000000000000000000000496A9A4      170192477882     
0010001300006U 020000000000000000000000000000000000000000000000000000000000000000000000000000000000000000000000000000000000000000000000000910202400000000            000000000000000                              000                           
0010001300007T 0201897X0000000092096 24778829000008269   7000008269      31102024000000000026567001004154000008269                0900000000000010500000000000000000000000000000000000000   0000000000000000000000496A9A4      170192477882     
0010001300008U 020000000000000000000000000000000000000000000000000000000000000000000000000000000000000000000000000000000000000000000000000910202400000000            000000000000000                              000                           
0010001300009T 0201897X0000000092096 24778829000008270   7000008270      31102024000000000488282001003824000008270                0900000000000010500000000000000000000000000000000000000   0000000000000000000000496A9A4      170192477882     
0010001300010U 020000000000000000000000000000000000000000000000000000000000000000000000000000000000000000000000000000000000000000000000000910202400000000            000000000000000                              000                           
0010001300011T 0201897X0000000092096 24778829000008271   7000008271      31102024000000000594335001004154000008271                0900000000000010000000000000000000000000000000000000000   0000000000000000000000496A9        170192477882     
0010001300012U 020000000000000000000000000000000000000000000000000000000000000000000000000000000000000000000000000000000000000000000000000910202400000000            000000000000000                              000                           
0010001300013T 0601897X0000000092096 24778822400000037   700000000000003711102024000000000374454033022710000000037                0900000000000010100000000000000000000000000000000000000   000000000000000000000000004        170192477882     
0010001300014U 060000000000000000000000000000000000000000000000000000000000000000000003744540000000003744540000000000000000000000000000000910202410102024            000000000000000                              000                           
0010001300015T 0601897X0000000092096 24778822400000099   700000000000009915102024000000000144626341000250000000099                0900000000000010100000000000000000000000000000000000000   000000000000000000000000004        170192477882     
0010001300016U 060000000000000000000000000000000000000000000000000000000000000000000001446260000000001446260000000000000000000000000000000910202410102024            000000000000000                              000                           
0010001300017T 0601897X0000000092096 24778822400000376   700000000000037604102024000000000034651341000780000000376                0900000000000010100000000000000000000000000000000000000   000000000000000000000000004        170192477882     
0010001300018U 060000000000007500000000000000000000000000000000000000000000000000000000354010000000000354010000000000000000000000000000000910202410102024            000000000000000                              000                           
0010001300019T 0601897X0000000092096 24778822400001573   700000000000157331102024000000000025287104007410000001573                0900000000000010100000000000000000000000000000000000000   000000000000000000000000004        170192477882     
0010001300020U 060000000000000000000000000000000000000000000000000000000000000000000000252870000000000252870000000000000000000000000000000910202410102024            000000000000000                              000                           
0010001300021T 0601897X0000000092096 24778822400001574   700000000000157429112024000000000025287104007410000001574                0900000000000010100000000000000000000000000000000000000   000000000000000000000000004        170192477882     
0010001300022U 060000000000000000000000000000000000000000000000000000000000000000000000252870000000000252870000000000000000000000000000000910202410102024            000000000000000                              000                           
0010001300023T 0601897X0000000092096 24778822400001965   700000000000196530092024000000000020140001009903000001965                0900000000000010040000000000000000000000000000000000000   000000000000000000000000034        170192477882     
0010001300024U 060000000000004620000000000000000000000000000000000000000000000000000000206020000000000206020000000000000000000000000000000910202410102024            000000000000000                              000                           
0010001300025T 0601897X0000000092096 24778822400003050   700000000000305011102024000000000126550341000540000003050                0900000000000010100000000000000000000000000000000000000   000000000000000000000000004        170192477882     
0010001300026U 060000000000000000000000000000000000000000000000000000000000000000000001265500000000001265500000000000000000000000000000000910202410102024            000000000000000                              000                           
0010001300027T 0601897X0000000092096 24778822400003139   700000000000313931102024000000000113470033022710000003139                0900000000000010100000000000000000000000000000000000000   000000000000000000000000004        170192477882     
0010001300028U 060000000000000000000000000000000000000000000000000000000000000000000001134700000000001134700000000000000000000000000000000910202410102024            000000000000000                              000                           
0010001300029T 0601897X0000000092096 24778822400003235   700000000000323531102024000000000107183341009420000003235                0900000000000010100000000000000000000000000000000000000   000000000000000000000000004        170192477882     
0010001300030U 060000000000000000000000000000000000000000000000000000000000000000000001071830000000001071830000000000000000000000000000000910202410102024            000000000000000                              000                           
0010001300031T 0601897X0000000092096 24778822400003483   700000000000348331102024000000000080877341009100000003483                0900000000000010100000000000000000000000000000000000000   000000000000000000000000004        170192477882     
0010001300032U 060000000000000000000000000000000000000000000000000000000000000000000000808770000000000808770000000000000000000000000000000910202410102024            000000000000000                              000                           
0010001300033T 0601897X0000000092096 24778822400003487   700000000000348731102024000000000080877341009100000003487                0900000000000010100000000000000000000000000000000000000   000000000000000000000000004        170192477882     
0010001300034U 060000000000000000000000000000000000000000000000000000000000000000000000808770000000000808770000000000000000000000000000000910202410102024            000000000000000                              000                           
0010001300035T 0601897X0000000092096 24778822400004055   700000000000405531102024000000000056614341009100000004055                0900000000000010100000000000000000000000000000000000000   000000000000000000000000004        170192477882     
0010001300036U 060000000000000000000000000000000000000000000000000000000000000000000000566140000000000566140000000000000000000000000000000910202410102024            000000000000000                              000                           
0010001300037T 0601897X0000000092096 24778822400004599   700000000000459931102024000000000038601341002800000004599                0900000000000010100000000000000000000000000000000000000   000000000000000000000000004        170192477882     
0010001300038U 060000000000000000000000000000000000000000000000000000000000000000000000386010000000000386010000000000000000000000000000000910202410102024            000000000000000                              000                           
0010001300039T 0601897X0000000092096 24778822400005434   700000000000543410102024000000000024663341000500000005434                0900000000000010100000000000000000000000000000000000000   000000000000000000000000004        170192477882     
0010001300040U 060000000000000000000000000000000000000000000000000000000000000000000000246630000000000246630000000000000000000000000000000910202410102024            000000000000000                              000                           
0010001300041T 0901897X0000000092096 24778822400000062   700000000000006230092024000000000239887001004154000000062                0900000000000000000000000000000000000000000000000000000   000000000000000000000037210        170192477882     
0010001300042U 090000000000000000000000000000000000000000000000000000000000000000000000000000000000000000000000000000000000000000000000000910202400000000            000000000000000                              000                           
0010001300043T 0901897X0000000092096 24778822400003494   70000000000034943009202400000000008051000101849X000003494                0900000000000000000000000000000000000000000000000000000   000000000000000000000037210        170192477882     
0010001300044U 090000000000000000000000000000000000000000000000000000000000000000000000000000000000000000000000000000000000000000000000000910202400000000            000000000000000                              000                           
0010001300045T 0901897X0000000092096 24778822400003495   70000000000034953110202400000000008051100101849X000003495                0900000000000000000000000000000000000000000000000000000   000000000000000000000037210        170192477882     
0010001300046U 090000000000000000000000000000000000000000000000000000000000000000000000000000000000000000000000000000000000000000000000000910202400000000            000000000000000                              000                           
0010001300047T 0901897X0000000092096 24778822400003496   70000000000034962911202400000000008051100101849X000003496                0900000000000000000000000000000000000000000000000000000   000000000000000000000037210        170192477882     
0010001300048U 090000000000000000000000000000000000000000000000000000000000000000000000000000000000000000000000000000000000000000000000000910202400000000            000000000000000                              000                           
0010001300049T 0901897X0000000092096 24778822400003497   70000000000034971912202400000000008051100101849X000003497                0900000000000000000000000000000000000000000000000000000   000000000000000000000037210        170192477882     
0010001300050U 090000000000000000000000000000000000000000000000000000000000000000000000000000000000000000000000000000000000000000000000000910202400000000            000000000000000                              000                           
00100015         000052004193000000015418777490000000000000000000000000000000000000000000000000000000000000000000000000000000000000000000000000000                                                                                              
00199999         000001000054000000                                                                                                                                                            00000000000000000000000000000                    
