00100000         2115139610001160024778820014       01897X0000000092096 FUNDACAO AGENCIA DAS BACIAS HIBANCO DO BRASIL                         21710202402004800579903000000829973081PROCESSAMEN                                                 
00100011T0100020 20115139610001160024778820014       01897X0000000092096 FUNDACAO AGENCIA DAS BACIAS HI                                                                                000000001710202400000000  000000000                      
0010001300001T 0201897X0000000092096 24778829000008309   7000008309      31102024000000000170662001000566000008309                0900000000000010000000000000000000000000000000000000000   0000000000000000000000496A9        170192477882     
0010001300002U 020000000000000000000000000000000000000000000000000000000000000000000000000000000000000000000000000000000000000000000000001710202400000000            000000000000000                              000                           
0010001300003T 0201897X0000000092096 24778829000008310   7000008310      25102024000000000498277001000566000008310                0900000000000010500000000000000000000000000000000000000   0000000000000000000000496A9A4      170192477882     
0010001300004U 020000000000000000000000000000000000000000000000000000000000000000000000000000000000000000000000000000000000000000000000001710202400000000            000000000000000                              000                           
0010001300005T 0601897X0000000092096 24778822400000022   700000000000002230092024000000000576493033020170000000022                0900000000000010100000000000000000000000000000000000000   000000000000000000000000004        170192477882     
0010001300006U 060000000000147920000000000000000000000000000000000000000000000000000005912880000000005912880000000000000000000000000000031710202418102024            000000000000000                              000                           
0010001300007T 0601897X0000000092096 24778822400000030   700000000000003030092024000000000439352001031496000000030                0900000000000010040000000000000000000000000000000000000   000000000000000000000000034        170192477882     
0010001300008U 060000000000112740000000000000000000000000000000000000000000000000000004506260000000004506260000000000000000000000000000001710202418102024            000000000000000                              000                           
0010001300009T 0601897X0000000092096 24778822400000706   700000000000070630092024000000000023239237019680000000706                0900000000000010100000000000000000000000000000000000000   000000000000000000000000004        170192477882     
0010001300010U 060000000000005950000000000000000000000000000000000000000000000000000000238340000000000238340000000000000000000000000000001710202418102024            000000000000000                              000                           
0010001300011T 0601897X0000000092096 24778822400002282   700000000000228230092024000000000528365237033710000002282                0900000000000010100000000000000000000000000000000000000   000000000000000000000000004        170192477882     
0010001300012U 060000000000135580000000000000000000000000000000000000000000000000000005419250000000005419250000000000000000000000000000021710202418102024            000000000000000                              000                           
0010001300013T 0601897X0000000092096 24778822400004083   700000000000408331102024000000000055992033043970000004083                0900000000000010100000000000000000000000000000000000000   000000000000000000000000004        170192477882     
0010001300014U 060000000000000000000000000000000000000000000000000000000000000000000000559920000000000559920000000000000000000000000000001710202418102024            000000000000000                              000                           
0010001300015T 0601897X0000000092096 24778822400004678   700000000000467818102024000000000036595341083610000004678                0900000000000010100000000000000000000000000000000000000   000000000000000000000000004        170192477882     
0010001300016U 060000000000000000000000000000000000000000000000000000000000000000000000365950000000000365950000000000000000000000000000001710202418102024            000000000000000                              000                           
0010001300017T 0601897X0000000092096 24778822400004679   700000000000467931102024000000000036596341083610000004679                0900000000000010100000000000000000000000000000000000000   000000000000000000000000004        170192477882     
0010001300018U 060000000000000000000000000000000000000000000000000000000000000000000000365960000000000365960000000000000000000000000000001710202418102024            000000000000000                              000                           
0010001300019T 0601897X0000000092096 24778822400004767   700000000000476731102024000000000035571001024538000004767                0900000000000010040000000000000000000000000000000000000   000000000000000000000000034        170192477882     
0010001300020U 060000000000000000000000000000000000000000000000000000000000000000000000355710000000000355710000000000000000000000000000001710202418102024            000000000000000                              000                           
0010001300021T 0601897X0000000092096 24778822400004975   700000000000497531102024000000000032351033032440000004975                0900000000000010100000000000000000000000000000000000000   000000000000000000000000004        170192477882     
0010001300022U 060000000000000000000000000000000000000000000000000000000000000000000000323510000000000323510000000000000000000000000000001710202418102024            000000000000000                              000                           
0010001300023T 0601897X0000000092096 24778822400005235   700000000000523531102024000000000027813237004800000005235                0900000000000010100000000000000000000000000000000000000   000000000000000000000000004        170192477882     
0010001300024U 060000000000000000000000000000000000000000000000000000000000000000000000278130000000000278130000000000000000000000000000001710202418102024            000000000000000                              000                           
00100015         000026004141000000015122378160000000000000000000000000000000000000000000000000000000000000000000000000000000000000000000000000000                                                                                              
00199999         000001000028000000                                                                                                                                                            00000000000000000000000000000                    
