00100000         2115139610001160024778820014       01897X0000000092096 FUNDACAO AGENCIA DAS BACIAS HIBANCO DO BRASIL                         20111202402041200582103000000829973081PROCESSAMEN                                                 
00100011T0100020 20115139610001160024778820014       01897X0000000092096 FUNDACAO AGENCIA DAS BACIAS HI                                                                                000000000111202400000000  000000000                      
0010001300001T 0201897X0000000092096 24778829000008355   7000008355      29112024000000000041980001014753000008355                0900000000000010500000000000000000000000000000000000000   0000000000000000000000496A9A4      170192477882     
0010001300002U 020000000000000000000000000000000000000000000000000000000000000000000000000000000000000000000000000000000000000000000000000111202400000000            000000000000000                              000                           
0010001300003T 0201897X0000000092096 24778829000008356   7000008356      29112024000000000081674001000566000008356                0900000000000010500000000000000000000000000000000000000   0000000000000000000000496A9A4      170192477882     
0010001300004U 020000000000000000000000000000000000000000000000000000000000000000000000000000000000000000000000000000000000000000000000000111202400000000            000000000000000                              000                           
0010001300005T 0201897X0000000092096 24778829000008357   7000008357      29112024000000000213237001000566000008357                0900000000000010000000000000000000000000000000000000000   0000000000000000000000496A9        170192477882     
0010001300006U 020000000000000000000000000000000000000000000000000000000000000000000000000000000000000000000000000000000000000000000000000111202400000000            000000000000000                              000                           
0010001300007T 0201897X0000000092096 24778829000008358   7000008358      29112024000000000211126001000566000008358                0900000000000010000000000000000000000000000000000000000   0000000000000000000000496A9        170192477882     
0010001300008U 020000000000000000000000000000000000000000000000000000000000000000000000000000000000000000000000000000000000000000000000000111202400000000            000000000000000                              000                           
0010001300009T 0201897X0000000092096 24778829000008359   7000008359      29112024000000000044321001003409000008359                0900000000000010500000000000000000000000000000000000000   0000000000000000000000496A9A4      170192477882     
0010001300010U 020000000000000000000000000000000000000000000000000000000000000000000000000000000000000000000000000000000000000000000000000111202400000000            000000000000000                              000                           
0010001300011T 0201897X0000000092096 24778829000008360   7000008360      29112024000000000043884001003409000008360                0900000000000010500000000000000000000000000000000000000   0000000000000000000000496A9A4      170192477882     
0010001300012U 020000000000000000000000000000000000000000000000000000000000000000000000000000000000000000000000000000000000000000000000000111202400000000            000000000000000                              000                           
0010001300013T 0601897X0000000092096 24778822400001200   700000000000120031102024000000000025555001024279000001200                0900000000000010060000000000000000000000000000000000000   000000000000000000000000033        170192477882     
0010001300014U 060000000000000000000000000000000000000000000000000000000000000000000000255550000000000255550000000000000000000000000000000111202404112024            000000000000000                              000                           
0010001300015T 0601897X0000000092096 24778822400001628   700000000000162829112024000000000024397237002150000001628                0900000000000010100000000000000000000000000000000000000   000000000000000000000000004        170192477882     
0010001300016U 060000000000000000000000000000000000000000000000000000000000000000000000243970000000000243970000000000000000000000000000000111202404112024            000000000000000                              000                           
0010001300017T 0601897X0000000092096 24778822400002987   700000000000298731102024000000000131745237008920000002987                0900000000000010100000000000000000000000000000000000000   000000000000000000000000004        170192477882     
0010001300018U 060000000000026770000000000000000000000000000000000000000000000000000001344220000000001344220000000000000000000000000000000111202404112024            000000000000000                              000                           
0010001300019T 0601897X0000000092096 24778822400003459   700000000000345931102024000000000083567376000010000003459                0900000000000010100000000000000000000000000000000000000   000000000000000000000000004        170192477882     
0010001300020U 060000000000016980000000000000000000000000000000000000000000000000000000852650000000000852650000000000000000000000000000000111202404112024            000000000000000                              000                           
0010001300021T 0601897X0000000092096 24778822400004795   700000000000479531102024000000000035132001022187000004795                0900000000000010060000000000000000000000000000000000000   000000000000000000000000033        170192477882     
0010001300022U 060000000000007130000000000000000000000000000000000000000000000000000000358450000000000358450000000000000000000000000000000111202404112024            000000000000000                              000                           
0010001300023T 0601897X0000000092096 24778829000008262   7000008262      31102024000000000076903341015860000008262                0900000000000010100000000000000000000000000000000000000   000000000000000000000000004        170192477882     
0010001300024U 060000000000015630000000000000000000000000000000000000000000000000000000784660000000000784660000000000000000000000000000000111202404112024            000000000000000                              000                           
00100015         000026003207000000011649511470000000000000000000000000000000000000000000000000000000000000000000000000000000000000000000000000000                                                                                              
00199999         000001000028000000                                                                                                                                                            00000000000000000000000000000                    
