00100000         2115139610001160024778820014       01897X0000000092096 FUNDACAO AGENCIA DAS BACIAS HIBANCO DO BRASIL                         22501202401213500550103000000829973081PROCESSAMEN                                                 
00100011T0100020 20115139610001160024778820014       01897X0000000092096 FUNDACAO AGENCIA DAS BACIAS HI                                                                                000000002501202400000000  000000000                      
0010001300001T 0201897X0000000092096 24778829000008020   7000008020      29022024000000000089857001004154000008020                0900000000000010000000000000000000000000000000000000000   0000000000000000000000496A9        170192477882     
0010001300002U 020000000000000000000000000000000000000000000000000000000000000000000000000000000000000000000000000000000000000000000000002501202400000000            000000000000000                              000                           
0010001300003T 0201897X0000000092096 24778829000008021   7000008021      29032024000000000089857001004154000008021                0900000000000010000000000000000000000000000000000000000   0000000000000000000000496A9        170192477882     
0010001300004U 020000000000000000000000000000000000000000000000000000000000000000000000000000000000000000000000000000000000000000000000002501202400000000            000000000000000                              000                           
0010001300005T 0201897X0000000092096 24778829000008022   7000008022      30042024000000000089857001004154000008022                0900000000000010000000000000000000000000000000000000000   0000000000000000000000496A9        170192477882     
0010001300006U 020000000000000000000000000000000000000000000000000000000000000000000000000000000000000000000000000000000000000000000000002501202400000000            000000000000000                              000                           
0010001300007T 0201897X0000000092096 24778829000008023   7000008023      31052024000000000089857001004154000008023                0900000000000010000000000000000000000000000000000000000   0000000000000000000000496A9        170192477882     
0010001300008U 020000000000000000000000000000000000000000000000000000000000000000000000000000000000000000000000000000000000000000000000002501202400000000            000000000000000                              000                           
0010001300009T 0201897X0000000092096 24778829000008024   7000008024      31012024000000000025919001041467000008024                0900000000000010500000000000000000000000000000000000000   0000000000000000000000496A9A4      170192477882     
0010001300010U 020000000000000000000000000000000000000000000000000000000000000000000000000000000000000000000000000000000000000000000000002501202400000000            000000000000000                              000                           
0010001300011T 0201897X0000000092096 24778829000008025   7000008025      3101202400000000007435400101849X000008025                0900000000000010500000000000000000000000000000000000000   0000000000000000000000496A9A4      170192477882     
0010001300012U 020000000000000000000000000000000000000000000000000000000000000000000000000000000000000000000000000000000000000000000000002501202400000000            000000000000000                              000                           
00100015         000014000163000000002097760260000000000000000000000000000000000000000000000000000000000000000000000000000000000000000000000000000                                                                                              
00199999         000001000016000000                                                                                                                                                            00000000000000000000000000000                    
