00100000         2115139610001160024778820014       01897X0000000092096 FUNDACAO AGENCIA DAS BACIAS HIBANCO DO BRASIL                         22811202402005600585503000000829973081PROCESSAMEN                                                 
00100011T0100020 20115139610001160024778820014       01897X0000000092096 FUNDACAO AGENCIA DAS BACIAS HI                                                                                000000002811202400000000  000000000                      
0010001300001T 0201897X0000000092096 24778829000008413   7000008413      31122024000000000231224001004154000008413                0900000000000010500000000000000000000000000000000000000   0000000000000000000000496A9A4      170192477882     
0010001300002U 020000000000000000000000000000000000000000000000000000000000000000000000000000000000000000000000000000000000000000000000002811202400000000            000000000000000                              000                           
0010001300003T 0201897X0000000092096 24778829000008414   7000008414      31122024000000000160688001041467000008414                0900000000000010500000000000000000000000000000000000000   0000000000000000000000496A9A4      170192477882     
0010001300004U 020000000000000000000000000000000000000000000000000000000000000000000000000000000000000000000000000000000000000000000000002811202400000000            000000000000000                              000                           
0010001300005T 0201897X0000000092096 24778829000008415   7000008415      29112024000000001972671001003018000008415                0900000000000010000000000000000000000000000000000000000   0000000000000000000000496A9        170192477882     
0010001300006U 020000000000000000000000000000000000000000000000000000000000000000000000000000000000000000000000000000000000000000000000002811202400000000            000000000000000                              000                           
0010001300007T 0201897X0000000092096 24778829000008416   7000008416      31122024000000000828168001003409000008416                0900000000000010500000000000000000000000000000000000000   0000000000000000000000496A9A4      170192477882     
0010001300008U 020000000000000000000000000000000000000000000000000000000000000000000000000000000000000000000000000000000000000000000000002811202400000000            000000000000000                              000                           
0010001300009T 0201897X0000000092096 24778829000008417   7000008417      29112024000000000222790001008117000008417                0900000000000010500000000000000000000000000000000000000   0000000000000000000000496A9A4      170192477882     
0010001300010U 020000000000000000000000000000000000000000000000000000000000000000000000000000000000000000000000000000000000000000000000002811202400000000            000000000000000                              000                           
0010001300011T 0201897X0000000092096 24778829000008418   7000008418      31122024000000000109376001003190000008418                0900000000000010500000000000000000000000000000000000000   0000000000000000000000496A9A4      170192477882     
0010001300012U 020000000000000000000000000000000000000000000000000000000000000000000000000000000000000000000000000000000000000000000000002811202400000000            000000000000000                              000                           
0010001300013T 0201897X0000000092096 24778829000008419   7000008419      2911202400000000019022400101849X000008419                0900000000000010500000000000000000000000000000000000000   0000000000000000000000496A9A4      170192477882     
0010001300014U 020000000000000000000000000000000000000000000000000000000000000000000000000000000000000000000000000000000000000000000000002811202400000000            000000000000000                              000                           
0010001300015T 0601897X0000000092096 24778822400001382   700000000000138231102024000000000021957341005460000001382                0900000000000010100000000000000000000000000000000000000   000000000000000000000000004        170192477882     
0010001300016U 060000000000006430000000000000000000000000000000000000000000000000000000226000000000000226000000000000000000000000000000002811202429112024            000000000000000                              000                           
0010001300017T 0601897X0000000092096 24778822400001685   700000000000168529112024000000000023999001026565000001685                0900000000000010040000000000000000000000000000000000000   000000000000000000000000034        170192477882     
0010001300018U 060000000000000000000000000000000000000000000000000000000000000000000000239990000000000239990000000000000000000000000000002811202429112024            000000000000000                              000                           
0010001300019T 0601897X0000000092096 24778822400001733   700000000000173329112024000000000023421260000010000001733                0900000000000010100000000000000000000000000000000000000   000000000000000000000000004        170192477882     
0010001300020U 060000000000000000000000000000000000000000000000000000000000000000000000234210000000000234210000000000000000000000000000002811202429112024            000000000000000                              000                           
0010001300021T 0601897X0000000092096 24778822400001751   700000000000175129112024000000000023308237025320000001751                0900000000000010100000000000000000000000000000000000000   000000000000000000000000004        170192477882     
0010001300022U 060000000000000000000000000000000000000000000000000000000000000000000000233080000000000233080000000000000000000000000000002811202429112024            000000000000000                              000                           
0010001300023T 0601897X0000000092096 24778822400001784   700000000000178429112024000000000023037033033770000001784                0900000000000010100000000000000000000000000000000000000   000000000000000000000000004        170192477882     
0010001300024U 060000000000000000000000000000000000000000000000000000000000000000000000230370000000000230370000000000000000000000000000002811202429112024            000000000000000                              000                           
0010001300025T 0601897X0000000092096 24778822400001847   700000000000184729112024000000000021958341002790000001847                0900000000000010100000000000000000000000000000000000000   000000000000000000000000004        170192477882     
0010001300026U 060000000000000000000000000000000000000000000000000000000000000000000000219580000000000219580000000000000000000000000000002811202429112024            000000000000000                              000                           
0010001300027T 0601897X0000000092096 24778822400001856   700000000000185629112024000000000021958341030710000001856                0900000000000010100000000000000000000000000000000000000   000000000000000000000000004        170192477882     
0010001300028U 060000000000000000000000000000000000000000000000000000000000000000000000219580000000000219580000000000000000000000000000002811202429112024            000000000000000                              000                           
0010001300029T 0601897X0000000092096 24778822400001949   700000000000194929112024000000000020493341002790000001949                0900000000000010100000000000000000000000000000000000000   000000000000000000000000004        170192477882     
0010001300030U 060000000000000000000000000000000000000000000000000000000000000000000000204930000000000204930000000000000000000000000000002811202429112024            000000000000000                              000                           
0010001300031T 0601897X0000000092096 24778822400001964   700000000000196429112024000000000020243001051268000001964                0900000000000010080000000000000000000000000000000000000   000000000000000000000000003        170192477882     
0010001300032U 060000000000000000000000000000000000000000000000000000000000000000000000202430000000000202430000000000000000000000000000002811202429112024            000000000000000                              000                           
0010001300033T 0601897X0000000092096 24778822400002248   700000000000224829112024000000000640987033030640000002248                0900000000000010100000000000000000000000000000000000000   000000000000000000000000004        170192477882     
0010001300034U 060000000000000000000000000000000000000000000000000000000000000000000006409870000000006409870000000000000000000000000000002811202429112024            000000000000000                              000                           
0010001300035T 0601897X0000000092096 24778822400002252   700000000000225229112024000000000606719341000540000002252                0900000000000010100000000000000000000000000000000000000   000000000000000000000000004        170192477882     
0010001300036U 060000000000000000000000000000000000000000000000000000000000000000000006067190000000006067190000000000000000000000000000002811202429112024            000000000000000                              000                           
0010001300037T 0601897X0000000092096 24778822400002288   700000000000228829112024000000000516636341000190000002288                0900000000000010100000000000000000000000000000000000000   000000000000000000000000004        170192477882     
0010001300038U 060000000000000000000000000000000000000000000000000000000000000000000005166360000000005166360000000000000000000000000000002811202429112024            000000000000000                              000                           
0010001300039T 0601897X0000000092096 24778822400002332   700000000000233229112024000000000438997756085660000002332                0900000000000010100000000000000000000000000000000000000   000000000000000000000000004        170192477882     
0010001300040U 060000000000000000000000000000000000000000000000000000000000000000000004389970000000004389970000000000000000000000000000002811202429112024            000000000000000                              000                           
0010001300041T 0601897X0000000092096 24778822400002360   700000000000236029112024000000000410392237033710000002360                0900000000000010100000000000000000000000000000000000000   000000000000000000000000004        170192477882     
0010001300042U 060000000000000000000000000000000000000000000000000000000000000000000004103920000000004103920000000000000000000000000000002811202429112024            000000000000000                              000                           
0010001300043T 0601897X0000000092096 24778822400002456   700000000000245629112024000000000323507341005600000002456                0900000000000010100000000000000000000000000000000000000   000000000000000000000000004        170192477882     
0010001300044U 060000000000000000000000000000000000000000000000000000000000000000000003235070000000003235070000000000000000000000000000002811202429112024            000000000000000                              000                           
0010001300045T 0601897X0000000092096 24778822400002552   700000000000255229112024000000000253672341006120000002552                0900000000000010100000000000000000000000000000000000000   000000000000000000000000004        170192477882     
0010001300046U 060000000000000000000000000000000000000000000000000000000000000000000002536720000000002536720000000000000000000000000000002811202429112024            000000000000000                              000                           
0010001300047T 0601897X0000000092096 24778822400002756   700000000000275629112024000000000181223341048360000002756                0900000000000010100000000000000000000000000000000000000   000000000000000000000000004        170192477882     
0010001300048U 060000000000000000000000000000000000000000000000000000000000000000000001812230000000001812230000000000000000000000000000002811202429112024            000000000000000                              000                           
0010001300049T 0601897X0000000092096 24778822400002780   700000000000278029112024000000000173467755013060000002780                0900000000000010100000000000000000000000000000000000000   000000000000000000000000004        170192477882     
0010001300050U 060000000000000000000000000000000000000000000000000000000000000000000001734670000000001734670000000000000000000000000000002811202429112024            000000000000000                              000                           
0010001300051T 0601897X0000000092096 24778822400002808   700000000000280829112024000000000163271341087450000002808                0900000000000010100000000000000000000000000000000000000   000000000000000000000000004        170192477882     
0010001300052U 060000000000000000000000000000000000000000000000000000000000000000000001632710000000001632710000000000000000000000000000002811202429112024            000000000000000                              000                           
0010001300053T 0601897X0000000092096 24778822400002864   700000000000286429112024000000000151758237002150000002864                0900000000000010100000000000000000000000000000000000000   000000000000000000000000004        170192477882     
0010001300054U 060000000000000000000000000000000000000000000000000000000000000000000001517580000000001517580000000000000000000000000000002811202429112024            000000000000000                              000                           
0010001300055T 0601897X0000000092096 24778822400002988   700000000000298829112024000000000131745237008920000002988                0900000000000010100000000000000000000000000000000000000   000000000000000000000000004        170192477882     
0010001300056U 060000000000000000000000000000000000000000000000000000000000000000000001317450000000001317450000000000000000000000000000002811202429112024            000000000000000                              000                           
0010001300057T 0601897X0000000092096 24778822400003116   700000000000311629112024000000000118615237001870000003116                0900000000000010100000000000000000000000000000000000000   000000000000000000000000004        170192477882     
0010001300058U 060000000000000000000000000000000000000000000000000000000000000000000001186150000000001186150000000000000000000000000000002811202429112024            000000000000000                              000                           
0010001300059T 0601897X0000000092096 24778822400003188   700000000000318829112024000000000111027341000550000003188                0900000000000010100000000000000000000000000000000000000   000000000000000000000000004        170192477882     
0010001300060U 060000000000000000000000000000000000000000000000000000000000000000000001110270000000001110270000000000000000000000000000002811202429112024            000000000000000                              000                           
0010001300061T 0601897X0000000092096 24778822400003200   700000000000320029112024000000000110559341000300000003200                0900000000000010100000000000000000000000000000000000000   000000000000000000000000004        170192477882     
0010001300062U 060000000000000000000000000000000000000000000000000000000000000000000001105590000000001105590000000000000000000000000000002811202429112024            000000000000000                              000                           
0010001300063T 0601897X0000000092096 24778822400003248   700000000000324829112024000000000106128341002790000003248                0900000000000010100000000000000000000000000000000000000   000000000000000000000000004        170192477882     
0010001300064U 060000000000000000000000000000000000000000000000000000000000000000000001061280000000001061280000000000000000000000000000002811202429112024            000000000000000                              000                           
0010001300065T 0601897X0000000092096 24778822400003456   700000000000345629112024000000000083688329000010000003456                0900000000000010100000000000000000000000000000000000000   000000000000000000000000004        170192477882     
0010001300066U 060000000000000000000000000000000000000000000000000000000000000000000000836880000000000836880000000000000000000000000000002811202429112024            000000000000000                              000                           
0010001300067T 0601897X0000000092096 24778822400003500   700000000000350029112024000000000080239237031510000003500                0900000000000010100000000000000000000000000000000000000   000000000000000000000000004        170192477882     
0010001300068U 060000000000000000000000000000000000000000000000000000000000000000000000802390000000000802390000000000000000000000000000002811202429112024            000000000000000                              000                           
0010001300069T 0601897X0000000092096 24778822400003556   700000000000355629112024000000000075564341032180000003556                0900000000000010100000000000000000000000000000000000000   000000000000000000000000004        170192477882     
0010001300070U 060000000000000000000000000000000000000000000000000000000000000000000000755640000000000755640000000000000000000000000000002811202429112024            000000000000000                              000                           
0010001300071T 0601897X0000000092096 24778822400003620   700000000000362029112024000000000073192341087450000003620                0900000000000010100000000000000000000000000000000000000   000000000000000000000000004        170192477882     
0010001300072U 060000000000000000000000000000000000000000000000000000000000000000000000731920000000000731920000000000000000000000000000002811202429112024            000000000000000                              000                           
0010001300073T 0601897X0000000092096 24778822400003636   700000000000363629112024000000000072971341032180000003636                0900000000000010100000000000000000000000000000000000000   000000000000000000000000004        170192477882     
0010001300074U 060000000000000000000000000000000000000000000000000000000000000000000000729710000000000729710000000000000000000000000000002811202429112024            000000000000000                              000                           
0010001300075T 0601897X0000000092096 24778822400003652   700000000000365229112024000000000072457237003220000003652                0900000000000010100000000000000000000000000000000000000   000000000000000000000000004        170192477882     
0010001300076U 060000000000000000000000000000000000000000000000000000000000000000000000724570000000000724570000000000000000000000000000002811202429112024            000000000000000                              000                           
0010001300077T 0601897X0000000092096 24778822400003688   700000000000368829112024000000000070996237004800000003688                0900000000000010100000000000000000000000000000000000000   000000000000000000000000004        170192477882     
0010001300078U 060000000000000000000000000000000000000000000000000000000000000000000000709960000000000709960000000000000000000000000000002811202429112024            000000000000000                              000                           
0010001300079T 0601897X0000000092096 24778822400003696   700000000000369629112024000000000070526341009100000003696                0900000000000010100000000000000000000000000000000000000   000000000000000000000000004        170192477882     
0010001300080U 060000000000000000000000000000000000000000000000000000000000000000000000705260000000000705260000000000000000000000000000002811202429112024            000000000000000                              000                           
0010001300081T 0601897X0000000092096 24778822400003704   700000000000370429112024000000000070264756085660000003704                0900000000000010100000000000000000000000000000000000000   000000000000000000000000004        170192477882     
0010001300082U 060000000000000000000000000000000000000000000000000000000000000000000000702640000000000702640000000000000000000000000000002811202429112024            000000000000000                              000                           
0010001300083T 0601897X0000000092096 24778822400003752   700000000000375229112024000000000066666237033900000003752                0900000000000010100000000000000000000000000000000000000   000000000000000000000000004        170192477882     
0010001300084U 060000000000000000000000000000000000000000000000000000000000000000000000666660000000000666660000000000000000000000000000002811202429112024            000000000000000                              000                           
0010001300085T 0601897X0000000092096 24778822400003800   700000000000380029112024000000000065873341003010000003800                0900000000000010100000000000000000000000000000000000000   000000000000000000000000004        170192477882     
0010001300086U 060000000000000000000000000000000000000000000000000000000000000000000000658730000000000658730000000000000000000000000000002811202429112024            000000000000000                              000                           
0010001300087T 0601897X0000000092096 24778822400003844   700000000000384429112024000000000063885033033770000003844                0900000000000010100000000000000000000000000000000000000   000000000000000000000000004        170192477882     
0010001300088U 060000000000000000000000000000000000000000000000000000000000000000000000638850000000000638850000000000000000000000000000002811202429112024            000000000000000                              000                           
0010001300089T 0601897X0000000092096 24778822400003852   700000000000385229112024000000000063815104002790000003852                0900000000000010100000000000000000000000000000000000000   000000000000000000000000004        170192477882     
0010001300090U 060000000000000000000000000000000000000000000000000000000000000000000000638150000000000638150000000000000000000000000000002811202429112024            000000000000000                              000                           
0010001300091T 0601897X0000000092096 24778822400003892   700000000000389229112024000000000062213756013660000003892                0900000000000010100000000000000000000000000000000000000   000000000000000000000000004        170192477882     
0010001300092U 060000000000000000000000000000000000000000000000000000000000000000000000622130000000000622130000000000000000000000000000002811202429112024            000000000000000                              000                           
0010001300093T 0601897X0000000092096 24778822400003924   700000000000392429112024000000000059690237033670000003924                0900000000000010100000000000000000000000000000000000000   000000000000000000000000004        170192477882     
0010001300094U 060000000000000000000000000000000000000000000000000000000000000000000000596900000000000596900000000000000000000000000000002811202429112024            000000000000000                              000                           
0010001300095T 0601897X0000000092096 24778822400004004   700000000000400429112024000000000058012104029680000004004                0900000000000010100000000000000000000000000000000000000   000000000000000000000000004        170192477882     
0010001300096U 060000000000000000000000000000000000000000000000000000000000000000000000580120000000000580120000000000000000000000000000002811202429112024            000000000000000                              000                           
0010001300097T 0601897X0000000092096 24778822400004064   700000000000406429112024000000000056524001008117000004064                0900000000000010040000000000000000000000000000000000000   000000000000000000000000034        170192477882     
0010001300098U 060000000000000000000000000000000000000000000000000000000000000000000000565240000000000565240000000000000000000000000000002811202429112024            000000000000000                              000                           
0010001300099T 0601897X0000000092096 24778822400004112   700000000000411229112024000000000054894341002790000004112                0900000000000010100000000000000000000000000000000000000   000000000000000000000000004        170192477882     
0010001300100U 060000000000000000000000000000000000000000000000000000000000000000000000548940000000000548940000000000000000000000000000002811202429112024            000000000000000                              000                           
0010001300101T 0601897X0000000092096 24778822400004152   700000000000415229112024000000000053589033044280000004152                0900000000000010100000000000000000000000000000000000000   000000000000000000000000004        170192477882     
0010001300102U 060000000000000000000000000000000000000000000000000000000000000000000000535890000000000535890000000000000000000000000000002811202429112024            000000000000000                              000                           
0010001300103T 0601897X0000000092096 24778822400004320   700000000000432029112024000000000047428104003630000004320                0900000000000010100000000000000000000000000000000000000   000000000000000000000000004        170192477882     
0010001300104U 060000000000000000000000000000000000000000000000000000000000000000000000474280000000000474280000000000000000000000000000002811202429112024            000000000000000                              000                           
0010001300105T 0601897X0000000092096 24778822400004432   700000000000443229112024000000000043516341004290000004432                0900000000000010100000000000000000000000000000000000000   000000000000000000000000004        170192477882     
0010001300106U 060000000000000000000000000000000000000000000000000000000000000000000000435160000000000435160000000000000000000000000000002811202429112024            000000000000000                              000                           
0010001300107T 0601897X0000000092096 24778822400004544   700000000000454429112024000000000039524341005460000004544                0900000000000010100000000000000000000000000000000000000   000000000000000000000000004        170192477882     
0010001300108U 060000000000000000000000000000000000000000000000000000000000000000000000395240000000000395240000000000000000000000000000002811202429112024            000000000000000                              000                           
0010001300109T 0601897X0000000092096 24778822400004552   700000000000455229112024000000000039523033002870000004552                0900000000000010100000000000000000000000000000000000000   000000000000000000000000004        170192477882     
0010001300110U 060000000000000000000000000000000000000000000000000000000000000000000000395230000000000395230000000000000000000000000000002811202429112024            000000000000000                              000                           
0010001300111T 0601897X0000000092096 24778822400004980   700000000000498029112024000000000032204001023248000004980                0900000000000010060000000000000000000000000000000000000   000000000000000000000000033        170192477882     
0010001300112U 060000000000000000000000000000000000000000000000000000000000000000000000322040000000000322040000000000000000000000000000002811202429112024            000000000000000                              000                           
0010001300113T 0601897X0000000092096 24778822400005172   700000000000517229112024000000000029277341002790000005172                0900000000000010100000000000000000000000000000000000000   000000000000000000000000004        170192477882     
0010001300114U 060000000000000000000000000000000000000000000000000000000000000000000000292770000000000292770000000000000000000000000000002811202429112024            000000000000000                              000                           
0010001300115T 0601897X0000000092096 24778822400005292   700000000000529229112024000000000026963033002160000005292                0900000000000010100000000000000000000000000000000000000   000000000000000000000000004        170192477882     
0010001300116U 060000000000000000000000000000000000000000000000000000000000000000000000269630000000000269630000000000000000000000000000002811202429112024            000000000000000                              000                           
0010001300117T 0601897X0000000092096 24778822400005324   700000000000532429112024000000000026349509000010000005324                0900000000000010100000000000000000000000000000000000000   000000000000000000000000004        170192477882     
0010001300118U 060000000000000000000000000000000000000000000000000000000000000000000000263490000000000263490000000000000000000000000000002811202429112024            000000000000000                              000                           
0010001300119T 0601897X0000000092096 24778822400005368   700000000000536829112024000000000025617341002790000005368                0900000000000010100000000000000000000000000000000000000   000000000000000000000000004        170192477882     
0010001300120U 060000000000000000000000000000000000000000000000000000000000000000000000256170000000000256170000000000000000000000000000002811202429112024            000000000000000                              000                           
0010001300121T 0601897X0000000092096 24778822400005388   700000000000538829112024000000000025534341001360000005388                0900000000000010100000000000000000000000000000000000000   000000000000000000000000004        170192477882     
0010001300122U 060000000000000000000000000000000000000000000000000000000000000000000000255340000000000255340000000000000000000000000000002811202429112024            000000000000000                              000                           
0010001300123T 0601897X0000000092096 24778822400005412   700000000000541229112024000000000025046237005200000005412                0900000000000010100000000000000000000000000000000000000   000000000000000000000000004        170192477882     
0010001300124U 060000000000000000000000000000000000000000000000000000000000000000000000250460000000000250460000000000000000000000000000002811202429112024            000000000000000                              000                           
0010001300125T 0601897X0000000092096 24778822400005436   700000000000543629112024000000000024665341000500000005436                0900000000000010100000000000000000000000000000000000000   000000000000000000000000004        170192477882     
0010001300126U 060000000000000000000000000000000000000000000000000000000000000000000000246650000000000246650000000000000000000000000000002811202429112024            000000000000000                              000                           
0010001300127T 0601897X0000000092096 24778822400005588   700000000000558829112024000000000022250104028860000005588                0900000000000010100000000000000000000000000000000000000   000000000000000000000000004        170192477882     
0010001300128U 060000000000000000000000000000000000000000000000000000000000000000000000222500000000000222500000000000000000000000000000002811202429112024            000000000000000                              000                           
0010001300129T 0601897X0000000092096 24778822400005589   700000000000558919122024000000000022250104028860000005589                0900000000000010100000000000000000000000000000000000000   000000000000000000000000004        170192477882     
0010001300130U 060000000000000000000000000000000000000000000000000000000000000000000000222500000000000222500000000000000000000000000000002811202429112024            000000000000000                              000                           
0010001300131T 0601897X0000000092096 24778822400005648   700000000000564829112024000000000021958341002790000005648                0900000000000010100000000000000000000000000000000000000   000000000000000000000000004        170192477882     
0010001300132U 060000000000000000000000000000000000000000000000000000000000000000000000219580000000000219580000000000000000000000000000002811202429112024            000000000000000                              000                           
0010001300133T 0601897X0000000092096 24778822400005672   700000000000567229112024000000000021958756013660000005672                0900000000000010100000000000000000000000000000000000000   000000000000000000000000004        170192477882     
0010001300134U 060000000000000000000000000000000000000000000000000000000000000000000000219580000000000219580000000000000000000000000000002811202429112024            000000000000000                              000                           
0010001300135T 0601897X0000000092096 24778822400005712   700000000000571229112024000000000021536033002160000005712                0900000000000010100000000000000000000000000000000000000   000000000000000000000000004        170192477882     
0010001300136U 060000000000000000000000000000000000000000000000000000000000000000000000215360000000000215360000000000000000000000000000002811202429112024            000000000000000                              000                           
0010001300137T 0601897X0000000092096 24778822400005768   700000000000576829112024000000000021079756011310000005768                0900000000000010100000000000000000000000000000000000000   000000000000000000000000004        170192477882     
0010001300138U 060000000000000000000000000000000000000000000000000000000000000000000000210790000000000210790000000000000000000000000000002811202429112024            000000000000000                              000                           
0010001300139T 0601897X0000000092096 24778822400005828   700000000000582829112024000000000020494033003030000005828                0900000000000010100000000000000000000000000000000000000   000000000000000000000000004        170192477882     
0010001300140U 060000000000000000000000000000000000000000000000000000000000000000000000204940000000000204940000000000000000000000000000002811202429112024            000000000000000                              000                           
0010001300141T 0601897X0000000092096 24778829000008125   7000008125      28112025000000000201277341091830000008125                0900000000000010100000000000000000000000000000000000000   000000000000000000000000004        170192477882     
0010001300142U 060000000000000000000000000000000000000000000000000000000000000000000002012770000000002012770000000000000000000000000000002811202429112024            000000000000000                              000                           
0010001300143T 0601897X0000000092096 24778829000008217   7000008217      29112024000000000029277341023500000008217                0900000000000010100000000000000000000000000000000000000   000000000000000000000000004        170192477882     
0010001300144U 060000000000000000000000000000000000000000000000000000000000000000000000292770000000000292770000000000000000000000000000002811202429112024            000000000000000                              000                           
0010001300145T 0601897X0000000092096 24778829000008275   7000008275      29112024000000000059035104002750000008275                0900000000000010100000000000000000000000000000000000000   000000000000000000000000004        170192477882     
0010001300146U 060000000000000000000000000000000000000000000000000000000000000000000000590350000000000590350000000000000000000000000000002811202429112024            000000000000000                              000                           
0010001300147T 0601897X0000000092096 24778829000008351   7000008351      29112024000000000188454033022710000008351                0900000000000010100000000000000000000000000000000000000   000000000000000000000000004        170192477882     
0010001300148U 060000000000000000000000000000000000000000000000000000000000000000000001884540000000001884540000000000000000000000000000002811202429112024            000000000000000                              000                           
0010001300149T 0601897X0000000092096 24778829000008400   7000008400      29112024000000000245616237001870000008400                0900000000000010100000000000000000000000000000000000000   000000000000000000000000004        170192477882     
0010001300150U 060000000000000000000000000000000000000000000000000000000000000000000002456160000000002456160000000000000000000000000000002811202429112024            000000000000000                              000                           
0010001300151T 0601897X0000000092096 24778829000008401   7000008401      2911202400000000021813400106811X000008401                0900000000000010040000000000000000000000000000000000000   000000000000000000000000034        170192477882     
0010001300152U 060000000000000000000000000000000000000000000000000000000000000000000002181340000000002181340000000000000000000000000000002811202429112024            000000000000000                              000                           
0010001300153T 0901897X0000000092096 24778822400002304   700000000000230429112024000000000495408001001724000002304                0900000000000000000000000000000000000000000000000000000   000000000000000000000037210        170192477882     
0010001300154U 090000000000000000000000000000000000000000000000000000000000000000000000000000000000000000000000000000000000000000000000002811202400000000            000000000000000                              000                           
0010001300155T 0901897X0000000092096 24778822400002305   700000000000230519122024000000000495408001001724000002305                0900000000000000000000000000000000000000000000000000000   000000000000000000000037210        170192477882     
0010001300156U 090000000000000000000000000000000000000000000000000000000000000000000000000000000000000000000000000000000000000000000000002811202400000000            000000000000000                              000                           
00100015         000158002206000000009421722850000000000000000000000000000000000000000000000000000000000000000000000000000000000000000000000000000                                                                                              
00199999         000001000160000000                                                                                                                                                            00000000000000000000000000000                    
