00100000         2115139610001160024778820014       01897X0000000092096 FUNDACAO AGENCIA DAS BACIAS HIBANCO DO BRASIL                         22211202402011800584703000000829973081PROCESSAMEN                                                 
00100011T0100020 20115139610001160024778820014       01897X0000000092096 FUNDACAO AGENCIA DAS BACIAS HI                                                                                000000002211202400000000  000000000                      
0010001300001T 0201897X0000000092096 24778829000008406   7000008406      2911202400000000090934900100216X000008406                0900000000000010000000000000000000000000000000000000000   0000000000000000000000496A9        170192477882     
0010001300002U 020000000000000000000000000000000000000000000000000000000000000000000000000000000000000000000000000000000000000000000000002211202400000000            000000000000000                              000                           
0010001300003T 0201897X0000000092096 24778829000008407   7000008407      29112024000000000046855001009946000008407                0900000000000010000000000000000000000000000000000000000   0000000000000000000000496A9        170192477882     
0010001300004U 020000000000000000000000000000000000000000000000000000000000000000000000000000000000000000000000000000000000000000000000002211202400000000            000000000000000                              000                           
0010001300005T 0601897X0000000092096 24778822400001604   700000000000160429112024000000000024592341005460000001604                0900000000000010100000000000000000000000000000000000000   000000000000000000000000004        170192477882     
0010001300006U 060000000000000000000000000000000000000000000000000000000000000000000000245920000000000245920000000000000000000000000000002211202425112024            000000000000000                              000                           
0010001300007T 0601897X0000000092096 24778822400002720   700000000000272029112024000000000193226237014040000002720                0900000000000010100000000000000000000000000000000000000   000000000000000000000000004        170192477882     
0010001300008U 060000000000000000000000000000000000000000000000000000000000000000000001932260000000001932260000000000000000000000000000002211202425112024            000000000000000                              000                           
0010001300009T 0601897X0000000092096 24778822400003004   700000000000300429112024000000000130966237035050000003004                0900000000000010100000000000000000000000000000000000000   000000000000000000000000004        170192477882     
0010001300010U 060000000000000000000000000000000000000000000000000000000000000000000001309660000000001309660000000000000000000000000000002211202425112024            000000000000000                              000                           
0010001300011T 0601897X0000000092096 24778822400003408   700000000000340829112024000000000087830748054150000003408                0900000000000010100000000000000000000000000000000000000   000000000000000000000000004        170192477882     
0010001300012U 060000000000000000000000000000000000000000000000000000000000000000000000878300000000000878300000000000000000000000000000002211202425112024            000000000000000                              000                           
0010001300013T 0601897X0000000092096 24778822400003896   700000000000389629112024000000000061847748050300000003896                0900000000000010100000000000000000000000000000000000000   000000000000000000000000004        170192477882     
0010001300014U 060000000000000000000000000000000000000000000000000000000000000000000000618470000000000618470000000000000000000000000000002211202425112024            000000000000000                              000                           
0010001300015T 0601897X0000000092096 24778822400003920   700000000000392029112024000000000059871341005460000003920                0900000000000010100000000000000000000000000000000000000   000000000000000000000000004        170192477882     
0010001300016U 060000000000000000000000000000000000000000000000000000000000000000000000598710000000000598710000000000000000000000000000002211202425112024            000000000000000                              000                           
0010001300017T 0601897X0000000092096 24778822400003940   700000000000394029112024000000000059285748054240000003940                0900000000000010100000000000000000000000000000000000000   000000000000000000000000004        170192477882     
0010001300018U 060000000000000000000000000000000000000000000000000000000000000000000000592850000000000592850000000000000000000000000000002211202425112024            000000000000000                              000                           
0010001300019T 0601897X0000000092096 24778822400003948   700000000000394829112024000000000059193341000300000003948                0900000000000010100000000000000000000000000000000000000   000000000000000000000000004        170192477882     
0010001300020U 060000000000000000000000000000000000000000000000000000000000000000000000591930000000000591930000000000000000000000000000002211202425112024            000000000000000                              000                           
0010001300021T 0601897X0000000092096 24778822400004108   700000000000410829112024000000000054894237002140000004108                0900000000000010100000000000000000000000000000000000000   000000000000000000000000004        170192477882     
0010001300022U 060000000000000000000000000000000000000000000000000000000000000000000000548940000000000548940000000000000000000000000000002211202425112024            000000000000000                              000                           
0010001300023T 0601897X0000000092096 24778822400004248   700000000000424829112024000000000050688104002780000004248                0900000000000010100000000000000000000000000000000000000   000000000000000000000000004        170192477882     
0010001300024U 060000000000000000000000000000000000000000000000000000000000000000000000506880000000000506880000000000000000000000000000002211202425112024            000000000000000                              000                           
0010001300025T 0601897X0000000092096 24778822400004344   700000000000434429112024000000000046111033000900000004344                0900000000000010100000000000000000000000000000000000000   000000000000000000000000004        170192477882     
0010001300026U 060000000000000000000000000000000000000000000000000000000000000000000000461110000000000461110000000000000000000000000000002211202425112024            000000000000000                              000                           
0010001300027T 0601897X0000000092096 24778822400004345   700000000000434519122024000000000046111033000900000004345                0900000000000010100000000000000000000000000000000000000   000000000000000000000000004        170192477882     
0010001300028U 060000000000000000000000000000000000000000000000000000000000000000000000461110000000000461110000000000000000000000000000002211202425112024            000000000000000                              000                           
0010001300029T 0601897X0000000092096 24778822400004748   700000000000474829112024000000000035962756021140000004748                0900000000000010100000000000000000000000000000000000000   000000000000000000000000004        170192477882     
0010001300030U 060000000000000000000000000000000000000000000000000000000000000000000000359620000000000359620000000000000000000000000000002211202425112024            000000000000000                              000                           
0010001300031T 0601897X0000000092096 24778822400004792   700000000000479229112024000000000035132237019690000004792                0900000000000010100000000000000000000000000000000000000   000000000000000000000000004        170192477882     
0010001300032U 060000000000000000000000000000000000000000000000000000000000000000000000351320000000000351320000000000000000000000000000002211202425112024            000000000000000                              000                           
0010001300033T 0601897X0000000092096 24778822400005096   700000000000509629112024000000000030329756077970000005096                0900000000000010100000000000000000000000000000000000000   000000000000000000000000004        170192477882     
0010001300034U 060000000000000000000000000000000000000000000000000000000000000000000000303290000000000303290000000000000000000000000000002211202425112024            000000000000000                              000                           
0010001300035T 0601897X0000000092096 24778829000008212   7000008212      29112024000000000020123341004450000008212                0900000000000010100000000000000000000000000000000000000   000000000000000000000000004        170192477882     
0010001300036U 060000000000000000000000000000000000000000000000000000000000000000000000201230000000000201230000000000000000000000000000002211202425112024            000000000000000                              000                           
00100015         000038002396000000009750571170000000000000000000000000000000000000000000000000000000000000000000000000000000000000000000000000000                                                                                              
00199999         000001000040000000                                                                                                                                                            00000000000000000000000000000                    
