00100000         2115139610001160024778820014       01897X0000000092096 FUNDACAO AGENCIA DAS BACIAS HIBANCO DO BRASIL                         20411202402145800582303000000829973081PROCESSAMEN                                                 
00100011T0100020 20115139610001160024778820014       01897X0000000092096 FUNDACAO AGENCIA DAS BACIAS HI                                                                                000000000411202400000000  000000000                      
0010001300001T 0201897X0000000092096 24778829000008361   7000008361      29112024000000000046678001069833000008361                0900000000000010000000000000000000000000000000000000000   0000000000000000000000496A9        170192477882     
0010001300002U 020000000000000000000000000000000000000000000000000000000000000000000000000000000000000000000000000000000000000000000000000411202400000000            000000000000000                              000                           
0010001300003T 0201897X0000000092096 24778829000008362   7000008362      31122024000000000046678001069833000008362                0900000000000010000000000000000000000000000000000000000   0000000000000000000000496A9        170192477882     
0010001300004U 020000000000000000000000000000000000000000000000000000000000000000000000000000000000000000000000000000000000000000000000000411202400000000            000000000000000                              000                           
0010001300005T 0201897X0000000092096 24778829000008363   7000008363      31012025000000000046678001069833000008363                0900000000000010000000000000000000000000000000000000000   0000000000000000000000496A9        170192477882     
0010001300006U 020000000000000000000000000000000000000000000000000000000000000000000000000000000000000000000000000000000000000000000000000411202400000000            000000000000000                              000                           
0010001300007T 0201897X0000000092096 24778829000008364   7000008364      2911202400000000016266200101849X000008364                0900000000000010500000000000000000000000000000000000000   0000000000000000000000496A9A4      170192477882     
0010001300008U 020000000000000000000000000000000000000000000000000000000000000000000000000000000000000000000000000000000000000000000000000411202400000000            000000000000000                              000                           
0010001300009T 0201897X0000000092096 24778829000008365   7000008365      2911202400000000002347300101849X000008365                0900000000000010500000000000000000000000000000000000000   0000000000000000000000496A9A4      170192477882     
0010001300010U 020000000000000000000000000000000000000000000000000000000000000000000000000000000000000000000000000000000000000000000000000411202400000000            000000000000000                              000                           
0010001300011T 0201897X0000000092096 24778829000008366   7000008366      2911202400000000003793100101513X000008366                0900000000000010500000000000000000000000000000000000000   0000000000000000000000496A9A4      170192477882     
0010001300012U 020000000000000000000000000000000000000000000000000000000000000000000000000000000000000000000000000000000000000000000000000411202400000000            000000000000000                              000                           
0010001300013T 0601897X0000000092096 24778822400001268   700000000000126831102024000000000024063341002770000001268                0900000000000010100000000000000000000000000000000000000   000000000000000000000000004        170192477882     
0010001300014U 060000000000005130000000000000000000000000000000000000000000000000000000245760000000000245760000000000000000000000000000000411202405112024            000000000000000                              000                           
0010001300015T 0601897X0000000092096 24778822400001823   700000000000182329112024000000000022397033042770000001823                0900000000000010100000000000000000000000000000000000000   000000000000000000000000004        170192477882     
0010001300016U 060000000000000000000000000000000000000000000000000000000000000000000000223970000000000223970000000000000000000000000000000411202405112024            000000000000000                              000                           
0010001300017T 0601897X0000000092096 24778822400002551   700000000000255131102024000000000253672341006120000002551                0900000000000010100000000000000000000000000000000000000   000000000000000000000000004        170192477882     
0010001300018U 060000000000054100000000000000000000000000000000000000000000000000000002590830000000002590830000000000000000000000000000010411202405112024            000000000000000                              000                           
0010001300019T 0601897X0000000092096 24778822400004435   700000000000443531102024000000000043510104047920000004435                0900000000000010100000000000000000000000000000000000000   000000000000000000000000004        170192477882     
0010001300020U 060000000000009270000000000000000000000000000000000000000000000000000000444370000000000444370000000000000000000000000000000411202405112024            000000000000000                              000                           
0010001300021T 0601897X0000000092096 24778822400004567   700000000000456731102024000000000039381748051850000004567                0900000000000010100000000000000000000000000000000000000   000000000000000000000000004        170192477882     
0010001300022U 060000000000008390000000000000000000000000000000000000000000000000000000402200000000000402200000000000000000000000000000000411202405112024            000000000000000                              000                           
0010001300023T 0601897X0000000092096 24778822400004740   700000000000474029112024000000000035984341009100000004740                0900000000000010100000000000000000000000000000000000000   000000000000000000000000004        170192477882     
0010001300024U 060000000000000000000000000000000000000000000000000000000000000000000000359840000000000359840000000000000000000000000000000411202405112024            000000000000000                              000                           
0010001300025T 0601897X0000000092096 24778822400005028   700000000000502829112024000000000031619033035840000005028                0900000000000010100000000000000000000000000000000000000   000000000000000000000000004        170192477882     
0010001300026U 060000000000000000000000000000000000000000000000000000000000000000000000316190000000000316190000000000000000000000000000000411202405112024            000000000000000                              000                           
0010001300027T 0601897X0000000092096 24778822400005196   700000000000519629112024000000000029204341009100000005196                0900000000000010100000000000000000000000000000000000000   000000000000000000000000004        170192477882     
0010001300028U 060000000000000000000000000000000000000000000000000000000000000000000000292040000000000292040000000000000000000000000000000411202405112024            000000000000000                              000                           
0010001300029T 0601897X0000000092096 24778829000008319   7000008319      31102024000000000261332341006120000008319                0900000000000010100000000000000000000000000000000000000   000000000000000000000000004        170192477882     
0010001300030U 060000000000055740000000000000000000000000000000000000000000000000000002669060000000002669060000000000000000000000000000000411202405112024            000000000000000                              000                           
00100015         000032003204000000011645740850000000000000000000000000000000000000000000000000000000000000000000000000000000000000000000000000000                                                                                              
00199999         000001000034000000                                                                                                                                                            00000000000000000000000000000                    
