00100000         2115139610001160024778820014       01897X0000000092096 FUNDACAO AGENCIA DAS BACIAS HIBANCO DO BRASIL                         21403202401594300555703000000829973081PROCESSAMEN                                                 
00100011T0100020 20115139610001160024778820014       01897X0000000092096 FUNDACAO AGENCIA DAS BACIAS HI                                                                                000000001403202400000000  000000000                      
0010001300001T 0601897X0000000092096 24778829000008031   7000008031      29022024000000000027347341000330000008031                0900000000000010100000000000000000000000000000000000000   000000000000000000000000004        170192477882     
0010001300002U 060000000000006730000000000000000000000000000000000000000000000000000000280200000000000280200000000000000000000000000000001403202415032024            000000000000000                              000                           
00100015         000004000030000000001302775690000000000000000000000000000000000000000000000000000000000000000000000000000000000000000000000000000                                                                                              
00199999         000001000006000000                                                                                                                                                            00000000000000000000000000000                    
