00100000         2115139610001160024778820014       01897X0000000092096 FUNDACAO AGENCIA DAS BACIAS HIBANCO DO BRASIL                         22009202402025800576103000000829973081PROCESSAMEN                                                 
00100011T0100020 20115139610001160024778820014       01897X0000000092096 FUNDACAO AGENCIA DAS BACIAS HI                                                                                000000002009202400000000  000000000                      
0010001300001T 0201897X0000000092096 24778829000008220   7000008220      30092024000000000025743001008117000008220                0900000000000010500000000000000000000000000000000000000   0000000000000000000000496A9A4      170192477882     
0010001300002U 020000000000000000000000000000000000000000000000000000000000000000000000000000000000000000000000000000000000000000000000002009202400000000            000000000000000                              000                           
0010001300003T 0601897X0000000092096 24778822400000061   700000000000006130092024000000000241359341020000000000061                0900000000000010100000000000000000000000000000000000000   000000000000000000000000004        170192477882     
0010001300004U 060000000000000000000000000000000000000000000000000000000000000000000002413590000000002413590000000000000000000000000000002009202423092024            000000000000000                              000                           
0010001300005T 0601897X0000000092096 24778822400000151   700000000000015130092024000000000090834341020000000000151                0900000000000010100000000000000000000000000000000000000   000000000000000000000000004        170192477882     
0010001300006U 060000000000000000000000000000000000000000000000000000000000000000000000908340000000000908340000000000000000000000000000002009202423092024            000000000000000                              000                           
0010001300007T 0601897X0000000092096 24778822400000163   700000000000016330092024000000000087532341020000000000163                0900000000000010100000000000000000000000000000000000000   000000000000000000000000004        170192477882     
0010001300008U 060000000000000000000000000000000000000000000000000000000000000000000000875320000000000875320000000000000000000000000000002009202423092024            000000000000000                              000                           
0010001300009T 0601897X0000000092096 24778822400000341   700000000000034130092024000000000036095001068314000000341                0900000000000010040000000000000000000000000000000000000   000000000000000000000000034        170192477882     
0010001300010U 060000000000000000000000000000000000000000000000000000000000000000000000360950000000000360950000000000000000000000000000002009202423092024            000000000000000                              000                           
0010001300011T 0601897X0000000092096 24778822400000344   700000000000034430092024000000000035893756014180000000344                0900000000000010100000000000000000000000000000000000000   000000000000000000000000004        170192477882     
0010001300012U 060000000000000000000000000000000000000000000000000000000000000000000000358930000000000358930000000000000000000000000000002009202423092024            000000000000000                              000                           
0010001300013T 0601897X0000000092096 24778822400000373   700000000000037330092024000000000034771104006760000000373                0900000000000010100000000000000000000000000000000000000   000000000000000000000000004        170192477882     
0010001300014U 060000000000000000000000000000000000000000000000000000000000000000000000347710000000000347710000000000000000000000000000002009202423092024            000000000000000                              000                           
0010001300015T 0601897X0000000092096 24778822400000391   700000000000039130092024000000000033668341063450000000391                0900000000000010100000000000000000000000000000000000000   000000000000000000000000004        170192477882     
0010001300016U 060000000000000000000000000000000000000000000000000000000000000000000000336680000000000336680000000000000000000000000000002009202423092024            000000000000000                              000                           
0010001300017T 0601897X0000000092096 24778822400000522   700000000000052230092024000000000029003341081470000000522                0900000000000010100000000000000000000000000000000000000   000000000000000000000000004        170192477882     
0010001300018U 060000000000000000000000000000000000000000000000000000000000000000000000290030000000000290030000000000000000000000000000002009202423092024            000000000000000                              000                           
0010001300019T 0601897X0000000092096 24778822400000597   700000000000059730092024000000000026349341063450000000597                0900000000000010100000000000000000000000000000000000000   000000000000000000000000004        170192477882     
0010001300020U 060000000000000000000000000000000000000000000000000000000000000000000000263490000000000263490000000000000000000000000000002009202423092024            000000000000000                              000                           
0010001300021T 0601897X0000000092096 24778822400000631   700000000000063130092024000000000025158237002150000000631                0900000000000010100000000000000000000000000000000000000   000000000000000000000000004        170192477882     
0010001300022U 060000000000000000000000000000000000000000000000000000000000000000000000251580000000000251580000000000000000000000000000002009202423092024            000000000000000                              000                           
0010001300023T 0601897X0000000092096 24778822400000735   700000000000073530092024000000000022215237002150000000735                0900000000000010100000000000000000000000000000000000000   000000000000000000000000004        170192477882     
0010001300024U 060000000000000000000000000000000000000000000000000000000000000000000000222150000000000222150000000000000000000000000000002009202423092024            000000000000000                              000                           
0010001300025T 0601897X0000000092096 24778822400000800   700000000000080030092024000000000019694104002780000000800                0900000000000010100000000000000000000000000000000000000   000000000000000000000000004        170192477882     
0010001300026U 060000000000000000000000000000000000000000000000000000000000000000000000196940000000000196940000000000000000000000000000002009202423092024            000000000000000                              000                           
0010001300027T 0601897X0000000092096 24778822400000907   700000000000090730092024000000000014793341015780000000907                0900000000000010100000000000000000000000000000000000000   000000000000000000000000004        170192477882     
0010001300028U 060000000000000000000000000000000000000000000000000000000000000000000000147930000000000147930000000000000000000000000000002009202423092024            000000000000000                              000                           
0010001300029T 0601897X0000000092096 24778822400001357   700000000000135730092024000000000021957341009120000001357                0900000000000010100000000000000000000000000000000000000   000000000000000000000000004        170192477882     
0010001300030U 060000000000000000000000000000000000000000000000000000000000000000000000219570000000000219570000000000000000000000000000002009202423092024            000000000000000                              000                           
0010001300031T 0601897X0000000092096 24778822400001572   700000000000157230092024000000000025287104007410000001572                0900000000000010100000000000000000000000000000000000000   000000000000000000000000004        170192477882     
0010001300032U 060000000000000000000000000000000000000000000000000000000000000000000000252870000000000252870000000000000000000000000000002009202423092024            000000000000000                              000                           
0010001300033T 0601897X0000000092096 24778822400003874   700000000000387430092024000000000062567341080460000003874                0900000000000010100000000000000000000000000000000000000   000000000000000000000000004        170192477882     
0010001300034U 060000000000000000000000000000000000000000000000000000000000000000000000625670000000000625670000000000000000000000000000002009202423092024            000000000000000                              000                           
0010001300035T 0601897X0000000092096 24778822400004114   700000000000411430092024000000000054893237013400000004114                0900000000000010100000000000000000000000000000000000000   000000000000000000000000004        170192477882     
0010001300036U 060000000000000000000000000000000000000000000000000000000000000000000000548930000000000548930000000000000000000000000000002009202423092024            000000000000000                              000                           
0010001300037T 0601897X0000000092096 24778822400004250   700000000000425030092024000000000050642341088490000004250                0900000000000010100000000000000000000000000000000000000   000000000000000000000000004        170192477882     
0010001300038U 060000000000000000000000000000000000000000000000000000000000000000000000506420000000000506420000000000000000000000000000002009202423092024            000000000000000                              000                           
0010001300039T 0601897X0000000092096 24778822400004282   700000000000428230092024000000000049428341009100000004282                0900000000000010100000000000000000000000000000000000000   000000000000000000000000004        170192477882     
0010001300040U 060000000000000000000000000000000000000000000000000000000000000000000000494280000000000494280000000000000000000000000000002009202423092024            000000000000000                              000                           
0010001300041T 0601897X0000000092096 24778822400004686   700000000000468630092024000000000036595509000010000004686                0900000000000010100000000000000000000000000000000000000   000000000000000000000000004        170192477882     
0010001300042U 060000000000000000000000000000000000000000000000000000000000000000000000365950000000000365950000000000000000000000000000002009202423092024            000000000000000                              000                           
0010001300043T 0601897X0000000092096 24778822400004766   700000000000476630092024000000000035572001024538000004766                0900000000000010040000000000000000000000000000000000000   000000000000000000000000034        170192477882     
0010001300044U 060000000000000000000000000000000000000000000000000000000000000000000000355720000000000355720000000000000000000000000000002009202423092024            000000000000000                              000                           
0010001300045T 0601897X0000000092096 24778822400005558   700000000000555830092024000000000022607756072790000005558                0900000000000010100000000000000000000000000000000000000   000000000000000000000000004        170192477882     
0010001300046U 060000000000000000000000000000000000000000000000000000000000000000000000226070000000000226070000000000000000000000000000002009202423092024            000000000000000                              000                           
0010001300047T 0601897X0000000092096 24778822400005598   700000000000559830092024000000000021956341068800000005598                0900000000000010100000000000000000000000000000000000000   000000000000000000000000004        170192477882     
0010001300048U 060000000000000000000000000000000000000000000000000000000000000000000000219560000000000219560000000000000000000000000000002009202423092024            000000000000000                              000                           
0010001300049T 0601897X0000000092096 24778822400005599   700000000000559931102024000000000021958341068800000005599                0900000000000010100000000000000000000000000000000000000   000000000000000000000000004        170192477882     
0010001300050U 060000000000000000000000000000000000000000000000000000000000000000000000219580000000000219580000000000000000000000000000002009202423092024            000000000000000                              000                           
0010001300051T 0601897X0000000092096 24778829000008181   7000008181      30092024000000000070765237003060000008181                0900000000000010100000000000000000000000000000000000000   000000000000000000000000004        170192477882     
0010001300052U 060000000000000000000000000000000000000000000000000000000000000000000000707650000000000707650000000000000000000000000000002009202423092024            000000000000000                              000                           
00100015         000054005756000000020759393640000000000000000000000000000000000000000000000000000000000000000000000000000000000000000000000000000                                                                                              
00199999         000001000056000000                                                                                                                                                            00000000000000000000000000000                    
