00100000         2115139610001160024778820014       01897X0000000092096 FUNDACAO AGENCIA DAS BACIAS HIBANCO DO BRASIL                         20611202402051900582703000000829973081PROCESSAMEN                                                 
00100011T0100020 20115139610001160024778820014       01897X0000000092096 FUNDACAO AGENCIA DAS BACIAS HI                                                                                000000000611202400000000  000000000                      
0010001300001T 0201897X0000000092096 24778829000008377   7000008377      29112024000000000263322001000566000008377                0900000000000010000000000000000000000000000000000000000   0000000000000000000000496A9        170192477882     
0010001300002U 020000000000000000000000000000000000000000000000000000000000000000000000000000000000000000000000000000000000000000000000000611202400000000            000000000000000                              000                           
0010001300003T 0201897X0000000092096 24778829000008378   7000008378      08112024000000104654028001003018000008378                0900000000000010500000000000000000000000000000000000000   0000000000000000000000496A9A4      170192477882     
0010001300004U 020000000000000000000000000000000000000000000000000000000000000000000000000000000000000000000000000000000000000000000000000611202400000000            000000000000000                              000                           
0010001300005T 0601897X0000000092096 24778822400001547   700000000000154729112024000000000025790341000550000001547                0900000000000010100000000000000000000000000000000000000   000000000000000000000000004        170192477882     
0010001300006U 060000000000000000000000000000000000000000000000000000000000000000000000257900000000000257900000000000000000000000000000000611202407112024            000000000000000                              000                           
0010001300007T 0601897X0000000092096 24778822400003536   700000000000353629112024000000000078721341014030000003536                0900000000000010100000000000000000000000000000000000000   000000000000000000000000004        170192477882     
0010001300008U 060000000000000000000000000000000000000000000000000000000000000000000000787210000000000787210000000000000000000000000000000611202407112024            000000000000000                              000                           
0010001300009T 0601897X0000000092096 24778822400003608   700000000000360829112024000000000073192237013400000003608                0900000000000010100000000000000000000000000000000000000   000000000000000000000000004        170192477882     
0010001300010U 060000000000000000000000000000000000000000000000000000000000000000000000731920000000000731920000000000000000000000000000000611202407112024            000000000000000                              000                           
0010001300011T 0601897X0000000092096 24778822400004168   700000000000416829112024000000000053040104030800000004168                0900000000000010100000000000000000000000000000000000000   000000000000000000000000004        170192477882     
0010001300012U 060000000000000000000000000000000000000000000000000000000000000000000000530400000000000530400000000000000000000000000000000611202407112024            000000000000000                              000                           
0010001300013T 0901897X0000000092096 24778822400001987   700000000000198731102024000000102334715001003018000001987                0900000000000000000000000000000000000000000000000000000   000000000000000000000037210        170192477882     
0010001300014U 090000000000000000000000000000000000000000000000000000000000000000000000000000000000000000000000000000000000000000000000000611202400000000            000000000000000                              000                           
00100015         000016002500000000011229097900000000000000000000000000000000000000000000000000000000000000000000000000000000000000000000000000000                                                                                              
00199999         000001000018000000                                                                                                                                                            00000000000000000000000000000                    
