00100000         2115139610001160024778820014       01897X0000000092096 FUNDACAO AGENCIA DAS BACIAS HIBANCO DO BRASIL                         23004202402065700560103000000829973081PROCESSAMEN                                                 
00100011T0100020 20115139610001160024778820014       01897X0000000092096 FUNDACAO AGENCIA DAS BACIAS HI                                                                                000000003004202400000000  000000000                      
0010001300001T 0601897X0000000092096 24778829000007896   7000007896      30042024000000022041723001069779000007896                0900000000000010040000000000000000000000000000000000000   000000000000000000000000034        170192477882     
0010001300002U 060000000000000000000000000000000000000000000000000000000000000000000220417230000000220417230000000000000000000000000000003004202402052024            000000000000000                              000                           
0010001300003T 0601897X0000000092096 24778829000007904   7000007904      30042024000000008000000104003410000007904                0900000000000010100000000000000000000000000000000000000   000000000000000000000000004        170192477882     
0010001300004U 060000000000000000000000000000000000000000000000000000000000000000000080000000000000080000000000000000000000000000000000003004202402052024            000000000000000                              000                           
0010001300005T 0601897X0000000092096 24778829000007925   7000007925      30042024000000000191290655000010000007925                0900000000000010100000000000000000000000000000000000000   000000000000000000000000004        170192477882     
0010001300006U 060000000000000000000000000000000000000000000000000000000000000000000001912900000000001912900000000000000000000000000000003004202402052024            000000000000000                              000                           
0010001300007T 0601897X0000000092096 24778829000008005   7000008005      30042024000000001970464104019380000008005                0900000000000010100000000000000000000000000000000000000   000000000000000000000000004        170192477882     
0010001300008U 060000000000000000000000000000000000000000000000000000000000000000000019704640000000019704640000000000000000000000000000003004202402052024            000000000000000                              000                           
0010001300009T 0601897X0000000092096 24778829000008022   7000008022      30042024000000000089857341000300000008022                0900000000000010100000000000000000000000000000000000000   000000000000000000000000004        170192477882     
0010001300010U 060000000000000000000000000000000000000000000000000000000000000000000000898570000000000898570000000000000000000000000000003004202402052024            000000000000000                              000                           
0010001300011T 0601897X0000000092096 24778829000008057   7000008057      30042024000000000062022341001620000008057                0900000000000010100000000000000000000000000000000000000   000000000000000000000000004        170192477882     
0010001300012U 060000000000000000000000000000000000000000000000000000000000000000000000620220000000000620220000000000000000000000000000003004202402052024            000000000000000                              000                           
0010001300013T 0601897X0000000092096 24778829000008067   7000008067      30042024000000000029085033000400000008067                0900000000000010100000000000000000000000000000000000000   000000000000000000000000004        170192477882     
0010001300014U 060000000000000000000000000000000000000000000000000000000000000000000000290850000000000290850000000000000000000000000000003004202402052024            000000000000000                              000                           
0010001300015T 0601897X0000000092096 24778829000008071   7000008071      30042024000000000007960104002850000008071                0900000000000010100000000000000000000000000000000000000   000000000000000000000000004        170192477882     
0010001300016U 060000000000000000000000000000000000000000000000000000000000000000000000079600000000000079600000000000000000000000000000003004202402052024            000000000000000                              000                           
00100015         000018000020000000000656306080000000000000000000000000000000000000000000000000000000000000000000000000000000000000000000000000000                                                                                              
00199999         000001000020000000                                                                                                                                                            00000000000000000000000000000                    
