00100000         2115139610001160024778820014       01897X0000000092096 FUNDACAO AGENCIA DAS BACIAS HIBANCO DO BRASIL                         20309202402004500573503000000829973081PROCESSAMEN                                                 
00100011T0100020 20115139610001160024778820014       01897X0000000092096 FUNDACAO AGENCIA DAS BACIAS HI                                                                                000000000309202400000000  000000000                      
0010001300001T 0201897X0000000092096 24778829000008181   7000008181      30092024000000000070765001003409000008181                0900000000000010500000000000000000000000000000000000000   0000000000000000000000496A9A4      170192477882     
0010001300002U 020000000000000000000000000000000000000000000000000000000000000000000000000000000000000000000000000000000000000000000000000309202400000000            000000000000000                              000                           
0010001300003T 0201897X0000000092096 24778829000008182   7000008182      30092024000000000371248001004561000008182                0900000000000010000000000000000000000000000000000000000   0000000000000000000000496A9        170192477882     
0010001300004U 020000000000000000000000000000000000000000000000000000000000000000000000000000000000000000000000000000000000000000000000000309202400000000            000000000000000                              000                           
0010001300005T 0201897X0000000092096 24778829000008183   7000008183      31102024000000000371250001004561000008183                0900000000000010000000000000000000000000000000000000000   0000000000000000000000496A9        170192477882     
0010001300006U 020000000000000000000000000000000000000000000000000000000000000000000000000000000000000000000000000000000000000000000000000309202400000000            000000000000000                              000                           
0010001300007T 0201897X0000000092096 24778829000008184   7000008184      30092024000000000173031001003018000008184                0900000000000010000000000000000000000000000000000000000   0000000000000000000000496A9        170192477882     
0010001300008U 020000000000000000000000000000000000000000000000000000000000000000000000000000000000000000000000000000000000000000000000000309202400000000            000000000000000                              000                           
0010001300009T 0201897X0000000092096 24778829000008185   7000008185      29112024000000000371250001004561000008185                0900000000000010000000000000000000000000000000000000000   0000000000000000000000496A9        170192477882     
0010001300010U 020000000000000000000000000000000000000000000000000000000000000000000000000000000000000000000000000000000000000000000000000309202400000000            000000000000000                              000                           
0010001300011T 0201897X0000000092096 24778829000008186   7000008186      19122024000000000371250001004561000008186                0900000000000010000000000000000000000000000000000000000   0000000000000000000000496A9        170192477882     
0010001300012U 020000000000000000000000000000000000000000000000000000000000000000000000000000000000000000000000000000000000000000000000000309202400000000            000000000000000                              000                           
0010001300013T 0201897X0000000092096 24778829000008187   7000008187      31012025000000000371250001004561000008187                0900000000000010000000000000000000000000000000000000000   0000000000000000000000496A9        170192477882     
0010001300014U 020000000000000000000000000000000000000000000000000000000000000000000000000000000000000000000000000000000000000000000000000309202400000000            000000000000000                              000                           
0010001300015T 0201897X0000000092096 24778829000008188   7000008188      28022025000000000371250001004561000008188                0900000000000010000000000000000000000000000000000000000   0000000000000000000000496A9        170192477882     
0010001300016U 020000000000000000000000000000000000000000000000000000000000000000000000000000000000000000000000000000000000000000000000000309202400000000            000000000000000                              000                           
0010001300017T 0201897X0000000092096 24778829000008189   7000008189      31032025000000000371250001004561000008189                0900000000000010000000000000000000000000000000000000000   0000000000000000000000496A9        170192477882     
0010001300018U 020000000000000000000000000000000000000000000000000000000000000000000000000000000000000000000000000000000000000000000000000309202400000000            000000000000000                              000                           
0010001300019T 0601897X0000000092096 24778822400000091   700000000000009130092024000000000157300745000090000000091                0900000000000010100000000000000000000000000000000000000   000000000000000000000000004        170192477882     
0010001300020U 060000000000000000000000000000000000000000000000000000000000000000000001573000000000001573000000000000000000000000000000000309202404092024            000000000000000                              000                           
0010001300021T 0901897X0000000092096 24778822400002242   700000000000224230092024000000000649687001004561000002242                0900000000000000000000000000000000000000000000000000000   000000000000000000000037210        170192477882     
0010001300022U 090000000000000000000000000000000000000000000000000000000000000000000000000000000000000000000000000000000000000000000000000309202400000000            000000000000000                              000                           
0010001300023T 0901897X0000000092096 24778822400002243   700000000000224331102024000000000649687001004561000002243                0900000000000000000000000000000000000000000000000000000   000000000000000000000037210        170192477882     
0010001300024U 090000000000000000000000000000000000000000000000000000000000000000000000000000000000000000000000000000000000000000000000000309202400000000            000000000000000                              000                           
0010001300025T 0901897X0000000092096 24778822400002244   700000000000224429112024000000000649687001004561000002244                0900000000000000000000000000000000000000000000000000000   000000000000000000000037210        170192477882     
0010001300026U 090000000000000000000000000000000000000000000000000000000000000000000000000000000000000000000000000000000000000000000000000309202400000000            000000000000000                              000                           
0010001300027T 0901897X0000000092096 24778822400002245   700000000000224519122024000000000649687001004561000002245                0900000000000000000000000000000000000000000000000000000   000000000000000000000037210        170192477882     
0010001300028U 090000000000000000000000000000000000000000000000000000000000000000000000000000000000000000000000000000000000000000000000000309202400000000            000000000000000                              000                           
00100015         000030005911000000021436578940000000000000000000000000000000000000000000000000000000000000000000000000000000000000000000000000000                                                                                              
00199999         000001000032000000                                                                                                                                                            00000000000000000000000000000                    
