00100000         2115139610001160024778820014       01897X0000000092096 FUNDACAO AGENCIA DAS BACIAS HIBANCO DO BRASIL                         22705202402073500562603000000829973081PROCESSAMEN                                                 
00100011T0100020 20115139610001160024778820014       01897X0000000092096 FUNDACAO AGENCIA DAS BACIAS HI                                                                                000000002705202400000000  000000000                      
0010001300001T 0601897X0000000092096 24778829000008058   7000008058      31052024000000000062022341001620000008058                0900000000000010100000000000000000000000000000000000000   000000000000000000000000004        170192477882     
0010001300002U 060000000000000000000000000000000000000000000000000000000000000000000000620220000000000620220000000000000000000000000000002705202428052024            000000000000000                              000                           
0010001300003T 0601897X0000000092096 24778829000008084   7000008084      31052024000000000030034208000500000008084                0900000000000010100000000000000000000000000000000000000   000000000000000000000000004        170192477882     
0010001300004U 060000000000000000000000000000000000000000000000000000000000000000000000300340000000000300340000000000000000000000000000002705202428052024            000000000000000                              000                           
00100015         000006000034000000000671545880000000000000000000000000000000000000000000000000000000000000000000000000000000000000000000000000000                                                                                              
00199999         000001000008000000                                                                                                                                                            00000000000000000000000000000                    
