00100000         2115139610001160024778820014       01897X0000000092096 FUNDACAO AGENCIA DAS BACIAS HIBANCO DO BRASIL                         20210202401583900577703000000829973081PROCESSAMEN                                                 
00100011T0100020 20115139610001160024778820014       01897X0000000092096 FUNDACAO AGENCIA DAS BACIAS HI                                                                                000000000210202400000000  000000000                      
0010001300001T 0601897X0000000092096 24778822400000004   70000000000000040410202400000000246809400102659X000000004                0900000000000010090000000000000000000000000000000000000   000000000000000000000000006        170192477882     
0010001300002U 060000000000000000000000000000000000000000000000000000000000000000000024680940000000024680940000000000000000000000000000000210202403102024            000000000000000                              000                           
0010001300003T 0601897X0000000092096 24778822400000014   700000000000001430092024000000000791850755013060000000014                0900000000000010100000000000000000000000000000000000000   000000000000000000000000004        170192477882     
0010001300004U 060000000000163640000000000000000000000000000000000000000000000000000008082140000000008082140000000000000000000000000000000210202403102024            000000000000000                              000                           
0010001300005T 0601897X0000000092096 24778822400000248   700000000000024830092024000000000044798341000280000000248                0900000000000010100000000000000000000000000000000000000   000000000000000000000000004        170192477882     
0010001300006U 060000000000009240000000000000000000000000000000000000000000000000000000457220000000000457220000000000000000000000000000000210202403102024            000000000000000                              000                           
0010001300007T 0601897X0000000092096 24778822400000308   700000000000030830092024000000000037439237019890000000308                0900000000000010100000000000000000000000000000000000000   000000000000000000000000004        170192477882     
0010001300008U 060000000000007720000000000000000000000000000000000000000000000000000000382110000000000382110000000000000000000000000000000210202403102024            000000000000000                              000                           
0010001300009T 0601897X0000000092096 24778822400000717   700000000000071730092024000000000022572237028430000000717                0900000000000010100000000000000000000000000000000000000   000000000000000000000000004        170192477882     
0010001300010U 060000000000004660000000000000000000000000000000000000000000000000000000230380000000000230380000000000000000000000000000000210202403102024            000000000000000                              000                           
0010001300011T 0601897X0000000092096 24778822400000763   700000000000076330092024000000000021515341000280000000763                0900000000000010100000000000000000000000000000000000000   000000000000000000000000004        170192477882     
0010001300012U 060000000000004440000000000000000000000000000000000000000000000000000000219590000000000219590000000000000000000000000000000210202403102024            000000000000000                              000                           
0010001300013T 0601897X0000000092096 24778822400000802   700000000000080230092024000000000019567237033670000000802                0900000000000010100000000000000000000000000000000000000   000000000000000000000000004        170192477882     
0010001300014U 060000000000004040000000000000000000000000000000000000000000000000000000199710000000000199710000000000000000000000000000000210202403102024            000000000000000                              000                           
0010001300015T 0601897X0000000092096 24778822400001216   700000000000121631102024000000000025152341009100000001216                0900000000000010100000000000000000000000000000000000000   000000000000000000000000004        170192477882     
0010001300016U 060000000000000000000000000000000000000000000000000000000000000000000000251520000000000251520000000000000000000000000000000210202403102024            000000000000000                              000                           
0010001300017T 0601897X0000000092096 24778822400001355   700000000000135530092024000000000021957341009120000001355                0900000000000010100000000000000000000000000000000000000   000000000000000000000000004        170192477882     
0010001300018U 060000000000004530000000000000000000000000000000000000000000000000000000224100000000000224100000000000000000000000000000000210202403102024            000000000000000                              000                           
0010001300019T 0601897X0000000092096 24778822400001439   700000000000143930092024000000000021240237002150000001439                0900000000000010100000000000000000000000000000000000000   000000000000000000000000004        170192477882     
0010001300020U 060000000000004380000000000000000000000000000000000000000000000000000000216780000000000216780000000000000000000000000000000210202403102024            000000000000000                              000                           
0010001300021T 0601897X0000000092096 24778822400001822   700000000000182231102024000000000022397033042770000001822                0900000000000010100000000000000000000000000000000000000   000000000000000000000000004        170192477882     
0010001300022U 060000000000000000000000000000000000000000000000000000000000000000000000223970000000000223970000000000000000000000000000000210202403102024            000000000000000                              000                           
0010001300023T 0601897X0000000092096 24778822400002122   700000000000212230092024000000001869034341000190000002122                0900000000000010100000000000000000000000000000000000000   000000000000000000000000004        170192477882     
0010001300024U 060000000000386240000000000000000000000000000000000000000000000000000019076580000000019076580000000000000000000000000000000210202403102024            000000000000000                              000                           
0010001300025T 0601897X0000000092096 24778822400003798   700000000000379830092024000000000065871341003010000003798                0900000000000010100000000000000000000000000000000000000   000000000000000000000000004        170192477882     
0010001300026U 060000000000013600000000000000000000000000000000000000000000000000000000672310000000000672310000000000000000000000000000000210202403102024            000000000000000                              000                           
0010001300027T 0601897X0000000092096 24778822400004098   700000000000409802102024000000000055405237023740000004098                0900000000000010100000000000000000000000000000000000000   000000000000000000000000004        170192477882     
0010001300028U 060000000000000000000000000000000000000000000000000000000000000000000000554050000000000554050000000000000000000000000000000210202403102024            000000000000000                              000                           
0010001300029T 0601897X0000000092096 24778822400004167   700000000000416731102024000000000053040104030800000004167                0900000000000010100000000000000000000000000000000000000   000000000000000000000000004        170192477882     
0010001300030U 060000000000000000000000000000000000000000000000000000000000000000000000530400000000000530400000000000000000000000000000000210202403102024            000000000000000                              000                           
0010001300031T 0601897X0000000092096 24778822400004682   700000000000468230092024000000000036595237003140000004682                0900000000000010100000000000000000000000000000000000000   000000000000000000000000004        170192477882     
0010001300032U 060000000000007550000000000000000000000000000000000000000000000000000000373500000000000373500000000000000000000000000000000210202403102024            000000000000000                              000                           
0010001300033T 0601897X0000000092096 24778822400004739   700000000000473931102024000000000035984341009100000004739                0900000000000010100000000000000000000000000000000000000   000000000000000000000000004        170192477882     
0010001300034U 060000000000000000000000000000000000000000000000000000000000000000000000359840000000000359840000000000000000000000000000000210202403102024            000000000000000                              000                           
0010001300035T 0601897X0000000092096 24778822400005174   700000000000517430092024000000000029276341000090000005174                0900000000000010100000000000000000000000000000000000000   000000000000000000000000004        170192477882     
0010001300036U 060000000000006040000000000000000000000000000000000000000000000000000000298800000000000298800000000000000000000000000000000210202403102024            000000000000000                              000                           
0010001300037T 0601897X0000000092096 24778822400005195   700000000000519531102024000000000029204341009100000005195                0900000000000010100000000000000000000000000000000000000   000000000000000000000000004        170192477882     
0010001300038U 060000000000000000000000000000000000000000000000000000000000000000000000292040000000000292040000000000000000000000000000000210202403102024            000000000000000                              000                           
0010001300039T 0601897X0000000092096 24778829000008244   7000008244      31102024000000000354959341008970000008244                0900000000000010100000000000000000000000000000000000000   000000000000000000000000004        170192477882     
0010001300040U 060000000000000000000000000000000000000000000000000000000000000000000003549590000000003549590000000000000000000000000000000210202403102024            000000000000000                              000                           
0010001300041T 0901897X0000000092096 24778822400003090   700000000000309030092024000000000121150001000566000003090                0900000000000000000000000000000000000000000000000000000   000000000000000000000037210        170192477882     
0010001300042U 090000000000000000000000000000000000000000000000000000000000000000000000000000000000000000000000000000000000000000000000000210202400000000            000000000000000                              000                           
0010001300043T 0901897X0000000092096 24778822400003091   700000000000309131102024000000000121150001000566000003091                0900000000000000000000000000000000000000000000000000000   000000000000000000000037210        170192477882     
0010001300044U 090000000000000000000000000000000000000000000000000000000000000000000000000000000000000000000000000000000000000000000000000210202400000000            000000000000000                              000                           
0010001300045T 0901897X0000000092096 24778822400003092   700000000000309229112024000000000121150001000566000003092                0900000000000000000000000000000000000000000000000000000   000000000000000000000037210        170192477882     
0010001300046U 090000000000000000000000000000000000000000000000000000000000000000000000000000000000000000000000000000000000000000000000000210202400000000            000000000000000                              000                           
0010001300047T 0901897X0000000092096 24778822400003093   700000000000309319122024000000000121150001000566000003093                0900000000000000000000000000000000000000000000000000000   000000000000000000000037210        170192477882     
0010001300048U 090000000000000000000000000000000000000000000000000000000000000000000000000000000000000000000000000000000000000000000000000210202400000000            000000000000000                              000                           
0010001300049T 1401897X0000000092096 24778822400000048   700000000000004831102024000000000296318001001678000000048                0900000000000000000000000000000000000000000000000000000   000000000000000000000000000        170192477882     
0010001300050U 140000000000000000000000000000000000000000000000000000000000000000000000000000000000000000000000000000000000000000000000000210202400000000            000000000000000                              000                           
0010001300051T 1401897X0000000092096 24778822400000192   700000000000019204102024000000000065873001009903000000192                0900000000000000000000000000000000000000000000000000000   000000000000000000000000000        170192477882     
0010001300052U 140000000000000000000000000000000000000000000000000000000000000000000000000000000000000000000000000000000000000000000000000210202400000000            000000000000000                              000                           
0010001300053T 1401897X0000000092096 24778822400000194   700000000000019404102024000000000065503001003409000000194                0900000000000000000000000000000000000000000000000000000   000000000000000000000000000        170192477882     
0010001300054U 140000000000000000000000000000000000000000000000000000000000000000000000000000000000000000000000000000000000000000000000000210202400000000            000000000000000                              000                           
0010001300055T 1401897X0000000092096 24778822400000203   700000000000020304102024000000000060178001003409000000203                0900000000000000000000000000000000000000000000000000000   000000000000000000000000000        170192477882     
0010001300056U 140000000000000000000000000000000000000000000000000000000000000000000000000000000000000000000000000000000000000000000000000210202400000000            000000000000000                              000                           
0010001300057T 1401897X0000000092096 24778822400000213   700000000000021304102024000000000056767001003409000000213                0900000000000000000000000000000000000000000000000000000   000000000000000000000000000        170192477882     
0010001300058U 140000000000000000000000000000000000000000000000000000000000000000000000000000000000000000000000000000000000000000000000000210202400000000            000000000000000                              000                           
0010001300059T 1401897X0000000092096 24778822400000220   700000000000022004102024000000000054123001003409000000220                0900000000000000000000000000000000000000000000000000000   000000000000000000000000000        170192477882     
0010001300060U 140000000000000000000000000000000000000000000000000000000000000000000000000000000000000000000000000000000000000000000000000210202400000000            000000000000000                              000                           
0010001300061T 1401897X0000000092096 24778822400000275   700000000000027504102024000000000039816001005789000000275                0900000000000000000000000000000000000000000000000000000   000000000000000000000000000        170192477882     
0010001300062U 140000000000000000000000000000000000000000000000000000000000000000000000000000000000000000000000000000000000000000000000000210202400000000            000000000000000                              000                           
0010001300063T 1401897X0000000092096 24778822400000331   700000000000033104102024000000000036596001008117000000331                0900000000000000000000000000000000000000000000000000000   000000000000000000000000000        170192477882     
0010001300064U 140000000000000000000000000000000000000000000000000000000000000000000000000000000000000000000000000000000000000000000000000210202400000000            000000000000000                              000                           
0010001300065T 1401897X0000000092096 24778822400000333   700000000000033304102024000000000036596001005789000000333                0900000000000000000000000000000000000000000000000000000   000000000000000000000000000        170192477882     
0010001300066U 140000000000000000000000000000000000000000000000000000000000000000000000000000000000000000000000000000000000000000000000000210202400000000            000000000000000                              000                           
0010001300067T 1401897X0000000092096 24778822400000337   700000000000033707102024000000000036398001009296000000337                0900000000000000000000000000000000000000000000000000000   000000000000000000000000000        170192477882     
0010001300068U 140000000000000000000000000000000000000000000000000000000000000000000000000000000000000000000000000000000000000000000000000210202400000000            000000000000000                              000                           
0010001300069T 1401897X0000000092096 24778822400000464   700000000000046404102024000000000030139001004154000000464                0900000000000000000000000000000000000000000000000000000   000000000000000000000000000        170192477882     
0010001300070U 140000000000000000000000000000000000000000000000000000000000000000000000000000000000000000000000000000000000000000000000000210202400000000            000000000000000                              000                           
0010001300071T 1401897X0000000092096 24778822400000572   700000000000057204102024000000000027374001003409000000572                0900000000000000000000000000000000000000000000000000000   000000000000000000000000000        170192477882     
0010001300072U 140000000000000000000000000000000000000000000000000000000000000000000000000000000000000000000000000000000000000000000000000210202400000000            000000000000000                              000                           
0010001300073T 1401897X0000000092096 24778822400000650   700000000000065004102024000000000024623001009946000000650                0900000000000000000000000000000000000000000000000000000   000000000000000000000000000        170192477882     
0010001300074U 140000000000000000000000000000000000000000000000000000000000000000000000000000000000000000000000000000000000000000000000000210202400000000            000000000000000                              000                           
0010001300075T 1401897X0000000092096 24778822400000722   700000000000072204102024000000000022434001004154000000722                0900000000000000000000000000000000000000000000000000000   000000000000000000000000000        170192477882     
0010001300076U 140000000000000000000000000000000000000000000000000000000000000000000000000000000000000000000000000000000000000000000000000210202400000000            000000000000000                              000                           
0010001300077T 1401897X0000000092096 24778822400000747   700000000000074715102024000000000021882001003409000000747                0900000000000000000000000000000000000000000000000000000   000000000000000000000000000        170192477882     
0010001300078U 140000000000000000000000000000000000000000000000000000000000000000000000000000000000000000000000000000000000000000000000000210202400000000            000000000000000                              000                           
0010001300079T 1401897X0000000092096 24778822400001503   700000000000150311102024000000000026597001000566000001503                0900000000000000000000000000000000000000000000000000000   000000000000000000000000000        170192477882     
0010001300080U 140000000000000000000000000000000000000000000000000000000000000000000000000000000000000000000000000000000000000000000000000210202400000000            000000000000000                              000                           
0010001300081T 1401897X0000000092096 24778822400001719   70000000000017190410202400000000002352300101849X000001719                0900000000000000000000000000000000000000000000000000000   000000000000000000000000000        170192477882     
0010001300082U 140000000000000000000000000000000000000000000000000000000000000000000000000000000000000000000000000000000000000000000000000210202400000000            000000000000000                              000                           
0010001300083T 1401897X0000000092096 24778822400002578   700000000000257804102024000000000242144001004561000002578                0900000000000000000000000000000000000000000000000000000   000000000000000000000000000        170192477882     
0010001300084U 140000000000000000000000000000000000000000000000000000000000000000000000000000000000000000000000000000000000000000000000000210202400000000            000000000000000                              000                           
0010001300085T 1401897X0000000092096 24778822400002626   700000000000262615102024000000000219257001009946000002626                0900000000000000000000000000000000000000000000000000000   000000000000000000000000000        170192477882     
0010001300086U 140000000000000000000000000000000000000000000000000000000000000000000000000000000000000000000000000000000000000000000000000210202400000000            000000000000000                              000                           
0010001300087T 1401897X0000000092096 24778822400002830   700000000000283004102024000000000162311001001724000002830                0900000000000000000000000000000000000000000000000000000   000000000000000000000000000        170192477882     
0010001300088U 140000000000000000000000000000000000000000000000000000000000000000000000000000000000000000000000000000000000000000000000000210202400000000            000000000000000                              000                           
0010001300089T 1401897X0000000092096 24778822400003322   700000000000332204102024000000000095150001009946000003322                0900000000000000000000000000000000000000000000000000000   000000000000000000000000000        170192477882     
0010001300090U 140000000000000000000000000000000000000000000000000000000000000000000000000000000000000000000000000000000000000000000000000210202400000000            000000000000000                              000                           
0010001300091T 1401897X0000000092096 24778822400004638   700000000000463811102024000000000037211001000566000004638                0900000000000000000000000000000000000000000000000000000   000000000000000000000000000        170192477882     
0010001300092U 140000000000000000000000000000000000000000000000000000000000000000000000000000000000000000000000000000000000000000000000000210202400000000            000000000000000                              000                           
0010001300093T 1401897X0000000092096 24778822400005082   700000000000508204102024000000000030439001043036000005082                0900000000000000000000000000000000000000000000000000000   000000000000000000000000000        170192477882     
0010001300094U 140000000000000000000000000000000000000000000000000000000000000000000000000000000000000000000000000000000000000000000000000210202400000000            000000000000000                              000                           
0010001300095T 1401897X0000000092096 24778822400005226   70000000000052260410202400000000002817800101849X000005226                0900000000000000000000000000000000000000000000000000000   000000000000000000000000000        170192477882     
0010001300096U 140000000000000000000000000000000000000000000000000000000000000000000000000000000000000000000000000000000000000000000000000210202400000000            000000000000000                              000                           
0010001300097T 1401897X0000000092096 24778822400005242   700000000000524204102024000000000027797001004561000005242                0900000000000000000000000000000000000000000000000000000   000000000000000000000000000        170192477882     
0010001300098U 140000000000000000000000000000000000000000000000000000000000000000000000000000000000000000000000000000000000000000000000000210202400000000            000000000000000                              000                           
0010001300099T 1401897X0000000092096 24778822400005298   700000000000529815102024000000000026926001004154000005298                0900000000000000000000000000000000000000000000000000000   000000000000000000000000000        170192477882     
0010001300100U 140000000000000000000000000000000000000000000000000000000000000000000000000000000000000000000000000000000000000000000000000210202400000000            000000000000000                              000                           
0010001300101T 1401897X0000000092096 24778829000008177   7000008177      04102024000000019161716001009946000008177                0900000000000000000000000000000000000000000000000000000   000000000000000000000000000        170192477882     
0010001300102U 140000000000000000000000000000000000000000000000000000000000000000000000000000000000000000000000000000000000000000000000000210202400000000            000000000000000                              000                           
00100015         000104004321000000015788150350000000000000000000000000000000000000000000000000000000000000000000000000000000000000000000000000000                                                                                              
00199999         000001000106000000                                                                                                                                                            00000000000000000000000000000                    
