00100000         2115139610001160024778820014       01897X0000000092096 FUNDACAO AGENCIA DAS BACIAS HIBANCO DO BRASIL                         22803202401481200557103000000829973081PROCESSAMEN                                                 
00100011T0100020 20115139610001160024778820014       01897X0000000092096 FUNDACAO AGENCIA DAS BACIAS HI                                                                                000000002803202400000000  000000000                      
0010001300001T 0601897X0000000092096 24778829000007924   7000007924      29032024000000000191290655000010000007924                0900000000000010100000000000000000000000000000000000000   000000000000000000000000004        170192477882     
0010001300002U 060000000000000000000000000000000000000000000000000000000000000000000001912900000000001912900000000000000000000000000000002803202401042024            000000000000000                              000                           
0010001300003T 0601897X0000000092096 24778829000008004   7000008004      28032024000000001970464104019380000008004                0900000000000010100000000000000000000000000000000000000   000000000000000000000000004        170192477882     
0010001300004U 060000000000000000000000000000000000000000000000000000000000000000000019704640000000019704640000000000000000000000000000002803202401042024            000000000000000                              000                           
00100015         000006000024000000000979222130000000000000000000000000000000000000000000000000000000000000000000000000000000000000000000000000000                                                                                              
00199999         000001000008000000                                                                                                                                                            00000000000000000000000000000                    
