00100000         2115139610001160024778820014       01897X0000000092096 FUNDACAO AGENCIA DAS BACIAS HIBANCO DO BRASIL                         22702202401203000553403000000829973081PROCESSAMEN                                                 
00100011T0100020 20115139610001160024778820014       01897X0000000092096 FUNDACAO AGENCIA DAS BACIAS HI                                                                                000000002702202400000000  000000000                      
0010001300001T 0601897X0000000092096 24778829000007894   7000007894      29022024000000022041723001069779000007894                0900000000000010040000000000000000000000000000000000000   000000000000000000000000034        170192477882     
0010001300002U 060000000000000000000000000000000000000000000000000000000000000000000220417230000000220417230000000000000000000000000000002702202428022024            000000000000000                              000                           
00100015         000004000036000000001420824020000000000000000000000000000000000000000000000000000000000000000000000000000000000000000000000000000                                                                                              
00199999         000001000006000000                                                                                                                                                            00000000000000000000000000000                    
