00100000         2115139610001160024778820014       01897X0000000092096 FUNDACAO AGENCIA DAS BACIAS HIBANCO DO BRASIL                         22510202401461200581103000000829973081PROCESSAMEN                                                 
00100011T0100020 20115139610001160024778820014       01897X0000000092096 FUNDACAO AGENCIA DAS BACIAS HI                                                                                000000002510202400000000  000000000                      
0010001300001T 0201897X0000000092096 24778829000008323   7000008323      31102024000000000054054001003409000008323                0900000000000010500000000000000000000000000000000000000   0000000000000000000000496A9A4      170192477882     
0010001300002U 020000000000000000000000000000000000000000000000000000000000000000000000000000000000000000000000000000000000000000000000002510202400000000            000000000000000                              000                           
0010001300003T 0201897X0000000092096 24778829000008324   7000008324      31102024000000000226206001003409000008324                0900000000000010500000000000000000000000000000000000000   0000000000000000000000496A9A4      170192477882     
0010001300004U 020000000000000000000000000000000000000000000000000000000000000000000000000000000000000000000000000000000000000000000000002510202400000000            000000000000000                              000                           
0010001300005T 0201897X0000000092096 24778829000008325   7000008325      29112024000000000123778001008117000008325                0900000000000010500000000000000000000000000000000000000   0000000000000000000000496A9A4      170192477882     
0010001300006U 020000000000000000000000000000000000000000000000000000000000000000000000000000000000000000000000000000000000000000000000002510202400000000            000000000000000                              000                           
0010001300007T 0201897X0000000092096 24778829000008326   7000008326      2911202400000000004257400101849X000008326                0900000000000010500000000000000000000000000000000000000   0000000000000000000000496A9A4      170192477882     
0010001300008U 020000000000000000000000000000000000000000000000000000000000000000000000000000000000000000000000000000000000000000000000002510202400000000            000000000000000                              000                           
0010001300009T 0201897X0000000092096 24778829000008327   7000008327      2911202400000000006482500101849X000008327                0900000000000010000000000000000000000000000000000000000   0000000000000000000000496A9        170192477882     
0010001300010U 020000000000000000000000000000000000000000000000000000000000000000000000000000000000000000000000000000000000000000000000002510202400000000            000000000000000                              000                           
0010001300011T 0601897X0000000092096 24778822400001072   700000000000107231102024000000000029277033032460000001072                0900000000000010100000000000000000000000000000000000000   000000000000000000000000004        170192477882     
0010001300012U 060000000000000000000000000000000000000000000000000000000000000000000000292770000000000292770000000000000000000000000000002510202428102024            000000000000000                              000                           
0010001300013T 0601897X0000000092096 24778822400001142   700000000000114231102024000000000026424104033370000001142                0900000000000010100000000000000000000000000000000000000   000000000000000000000000004        170192477882     
0010001300014U 060000000000000000000000000000000000000000000000000000000000000000000000264240000000000264240000000000000000000000000000002510202428102024            000000000000000                              000                           
0010001300015T 0601897X0000000092096 24778822400001188   700000000000118831102024000000000025734341002790000001188                0900000000000010100000000000000000000000000000000000000   000000000000000000000000004        170192477882     
0010001300016U 060000000000000000000000000000000000000000000000000000000000000000000000257340000000000257340000000000000000000000000000002510202428102024            000000000000000                              000                           
0010001300017T 0601897X0000000092096 24778822400001212   700000000000121231102024000000000025227341002770000001212                0900000000000010100000000000000000000000000000000000000   000000000000000000000000004        170192477882     
0010001300018U 060000000000000000000000000000000000000000000000000000000000000000000000252270000000000252270000000000000000000000000000002510202428102024            000000000000000                              000                           
0010001300019T 0601897X0000000092096 24778822400001272   700000000000127231102024000000000023824104029090000001272                0900000000000010100000000000000000000000000000000000000   000000000000000000000000004        170192477882     
0010001300020U 060000000000000000000000000000000000000000000000000000000000000000000000238240000000000238240000000000000000000000000000002510202428102024            000000000000000                              000                           
0010001300021T 0601897X0000000092096 24778822400001281   700000000000128130092024000000000023636341006440000001281                0900000000000010100000000000000000000000000000000000000   000000000000000000000000004        170192477882     
0010001300022U 060000000000006680000000000000000000000000000000000000000000000000000000243040000000000243040000000000000000000000000000002510202428102024            000000000000000                              000                           
0010001300023T 0601897X0000000092096 24778822400001440   700000000000144031102024000000000021241237002150000001440                0900000000000010100000000000000000000000000000000000000   000000000000000000000000004        170192477882     
0010001300024U 060000000000000000000000000000000000000000000000000000000000000000000000212410000000000212410000000000000000000000000000002510202428102024            000000000000000                              000                           
0010001300025T 0601897X0000000092096 24778822400001723   700000000000172331102024000000000023491341004450000001723                0900000000000010100000000000000000000000000000000000000   000000000000000000000000004        170192477882     
0010001300026U 060000000000000000000000000000000000000000000000000000000000000000000000234910000000000234910000000000000000000000000000002510202428102024            000000000000000                              000                           
0010001300027T 0601897X0000000092096 24778822400001735   700000000000173531102024000000000023421341005460000001735                0900000000000010100000000000000000000000000000000000000   000000000000000000000000004        170192477882     
0010001300028U 060000000000000000000000000000000000000000000000000000000000000000000000234210000000000234210000000000000000000000000000002510202428102024            000000000000000                              000                           
0010001300029T 0601897X0000000092096 24778822400002434   700000000000243425102024000000000338211237003280000002434                0900000000000010100000000000000000000000000000000000000   000000000000000000000000004        170192477882     
0010001300030U 060000000000000000000000000000000000000000000000000000000000000000000003382110000000003382110000000000000000000000000000002510202428102024            000000000000000                              000                           
0010001300031T 0601897X0000000092096 24778822400002731   700000000000273131102024000000000189521341000280000002731                0900000000000010100000000000000000000000000000000000000   000000000000000000000000004        170192477882     
0010001300032U 060000000000000000000000000000000000000000000000000000000000000000000001895210000000001895210000000000000000000000000000002510202428102024            000000000000000                              000                           
0010001300033T 0601897X0000000092096 24778822400002975   700000000000297531102024000000000132398341000090000002975                0900000000000010100000000000000000000000000000000000000   000000000000000000000000004        170192477882     
0010001300034U 060000000000000000000000000000000000000000000000000000000000000000000001323980000000001323980000000000000000000000000000002510202428102024            000000000000000                              000                           
0010001300035T 0601897X0000000092096 24778822400002979   700000000000297931102024000000000131913341001360000002979                0900000000000010100000000000000000000000000000000000000   000000000000000000000000004        170192477882     
0010001300036U 060000000000000000000000000000000000000000000000000000000000000000000001319130000000001319130000000000000000000000000000002510202428102024            000000000000000                              000                           
0010001300037T 0601897X0000000092096 24778822400003095   70000000000030953110202400000000012040500103360X000003095                0900000000000010040000000000000000000000000000000000000   000000000000000000000000034        170192477882     
0010001300038U 060000000000000000000000000000000000000000000000000000000000000000000001204050000000001204050000000000000000000000000000002510202428102024            000000000000000                              000                           
0010001300039T 0601897X0000000092096 24778822400003531   700000000000353131102024000000000078830341029290000003531                0900000000000010100000000000000000000000000000000000000   000000000000000000000000004        170192477882     
0010001300040U 060000000000000000000000000000000000000000000000000000000000000000000000788300000000000788300000000000000000000000000000002510202428102024            000000000000000                              000                           
0010001300041T 0601897X0000000092096 24778822400003555   700000000000355531102024000000000075564341032180000003555                0900000000000010100000000000000000000000000000000000000   000000000000000000000000004        170192477882     
0010001300042U 060000000000000000000000000000000000000000000000000000000000000000000000755640000000000755640000000000000000000000000000002510202428102024            000000000000000                              000                           
0010001300043T 0601897X0000000092096 24778822400003575   700000000000357531102024000000000074401237013680000003575                0900000000000010100000000000000000000000000000000000000   000000000000000000000000004        170192477882     
0010001300044U 060000000000000000000000000000000000000000000000000000000000000000000000744010000000000744010000000000000000000000000000002510202428102024            000000000000000                              000                           
0010001300045T 0601897X0000000092096 24778822400003935   700000000000393531102024000000000059285341006700000003935                0900000000000010100000000000000000000000000000000000000   000000000000000000000000004        170192477882     
0010001300046U 060000000000000000000000000000000000000000000000000000000000000000000000592850000000000592850000000000000000000000000000002510202428102024            000000000000000                              000                           
0010001300047T 0601897X0000000092096 24778822400003943   700000000000394331102024000000000059230341000500000003943                0900000000000010100000000000000000000000000000000000000   000000000000000000000000004        170192477882     
0010001300048U 060000000000000000000000000000000000000000000000000000000000000000000000592300000000000592300000000000000000000000000000002510202428102024            000000000000000                              000                           
0010001300049T 0601897X0000000092096 24778822400004175   700000000000417531102024000000000052844237003160000004175                0900000000000010100000000000000000000000000000000000000   000000000000000000000000004        170192477882     
0010001300050U 060000000000000000000000000000000000000000000000000000000000000000000000528440000000000528440000000000000000000000000000002510202428102024            000000000000000                              000                           
0010001300051T 0601897X0000000092096 24778822400004423   700000000000442331102024000000000043850033000900000004423                0900000000000010100000000000000000000000000000000000000   000000000000000000000000004        170192477882     
0010001300052U 060000000000000000000000000000000000000000000000000000000000000000000000438500000000000438500000000000000000000000000000002510202428102024            000000000000000                              000                           
0010001300053T 0601897X0000000092096 24778822400004463   700000000000446331102024000000000042817341004670000004463                0900000000000010100000000000000000000000000000000000000   000000000000000000000000004        170192477882     
0010001300054U 060000000000000000000000000000000000000000000000000000000000000000000000428170000000000428170000000000000000000000000000002510202428102024            000000000000000                              000                           
0010001300055T 0601897X0000000092096 24778822400004703   700000000000470331102024000000000036560341000410000004703                0900000000000010100000000000000000000000000000000000000   000000000000000000000000004        170192477882     
0010001300056U 060000000000000000000000000000000000000000000000000000000000000000000000365600000000000365600000000000000000000000000000002510202428102024            000000000000000                              000                           
0010001300057T 0601897X0000000092096 24778822400004751   700000000000475131102024000000000035821237025610000004751                0900000000000010100000000000000000000000000000000000000   000000000000000000000000004        170192477882     
0010001300058U 060000000000000000000000000000000000000000000000000000000000000000000000358210000000000358210000000000000000000000000000002510202428102024            000000000000000                              000                           
0010001300059T 0601897X0000000092096 24778822400004903   700000000000490331102024000000000032973237003930000004903                0900000000000010100000000000000000000000000000000000000   000000000000000000000000004        170192477882     
0010001300060U 060000000000000000000000000000000000000000000000000000000000000000000000329730000000000329730000000000000000000000000000002510202428102024            000000000000000                              000                           
0010001300061T 0601897X0000000092096 24778822400005495   700000000000549531102024000000000023407237002150000005495                0900000000000010100000000000000000000000000000000000000   000000000000000000000000004        170192477882     
0010001300062U 060000000000000000000000000000000000000000000000000000000000000000000000234070000000000234070000000000000000000000000000002510202428102024            000000000000000                              000                           
0010001300063T 0601897X0000000092096 24778822400005600   700000000000560029112024000000000021958341070210000005600                0900000000000010100000000000000000000000000000000000000   000000000000000000000000004        170192477882     
0010001300064U 060000000000000000000000000000000000000000000000000000000000000000000000219580000000000219580000000000000000000000000000002510202428102024            000000000000000                              000                           
0010001300065T 0601897X0000000092096 24778822400005601   700000000000560119122024000000000021958341070210000005601                0900000000000010100000000000000000000000000000000000000   000000000000000000000000004        170192477882     
0010001300066U 060000000000000000000000000000000000000000000000000000000000000000000000219580000000000219580000000000000000000000000000002510202428102024            000000000000000                              000                           
0010001300067T 0601897X0000000092096 24778822400005722   700000000000572225102024000000000021477341000760000005722                0900000000000010100000000000000000000000000000000000000   000000000000000000000000004        170192477882     
0010001300068U 060000000000000000000000000000000000000000000000000000000000000000000000214770000000000214770000000000000000000000000000002510202428102024            000000000000000                              000                           
0010001300069T 0601897X0000000092096 24778822400005835   700000000000583531102024000000000020494104039660000005835                0900000000000010100000000000000000000000000000000000000   000000000000000000000000004        170192477882     
0010001300070U 060000000000000000000000000000000000000000000000000000000000000000000000204940000000000204940000000000000000000000000000002510202428102024            000000000000000                              000                           
0010001300071T 0601897X0000000092096 24778829000008312   7000008312      25102024000000000032556341000260000008312                0900000000000010100000000000000000000000000000000000000   000000000000000000000000004        170192477882     
0010001300072U 060000000000000000000000000000000000000000000000000000000000000000000000325560000000000325560000000000000000000000000000002510202428102024            000000000000000                              000                           
0010001300073T 0901897X0000000092096 24778822400000042   700000000000004230092024000000000333946001043036000000042                0900000000000000000000000000000000000000000000000000000   000000000000000000000037210        170192477882     
0010001300074U 090000000000000000000000000000000000000000000000000000000000000000000000000000000000000000000000000000000000000000000000002510202400000000            000000000000000                              000                           
00100015         000076004045000000014960009850000000000000000000000000000000000000000000000000000000000000000000000000000000000000000000000000000                                                                                              
00199999         000001000078000000                                                                                                                                                            00000000000000000000000000000                    
