00100000         2115139610001160024778820014       01897X0000000092096 FUNDACAO AGENCIA DAS BACIAS HIBANCO DO BRASIL                         22606202402562400565303000000829973081PROCESSAMEN                                                 
00100011T0100020 20115139610001160024778820014       01897X0000000092096 FUNDACAO AGENCIA DAS BACIAS HI                                                                                000000002606202400000000  000000000                      
0010001300001T 0601897X0000000092096 24778829000007927   7000007927      28062024000000000191290655000010000007927                0900000000000010100000000000000000000000000000000000000   000000000000000000000000004        170192477882     
0010001300002U 060000000000000000000000000000000000000000000000000000000000000000000001912900000000001912900000000000000000000000000000002606202427062024            000000000000000                              000                           
0010001300003T 0601897X0000000092096 24778829000008059   7000008059      28062024000000000062022341001620000008059                0900000000000010100000000000000000000000000000000000000   000000000000000000000000004        170192477882     
0010001300004U 060000000000000000000000000000000000000000000000000000000000000000000000620220000000000620220000000000000000000000000000002606202427062024            000000000000000                              000                           
00100015         000006000035000000000940169090000000000000000000000000000000000000000000000000000000000000000000000000000000000000000000000000000                                                                                              
00199999         000001000008000000                                                                                                                                                            00000000000000000000000000000                    
