00100000         2115139610001160024778820014       01897X0000000092096 FUNDACAO AGENCIA DAS BACIAS HIBANCO DO BRASIL                         22108202402013300571703000000829973081PROCESSAMEN                                                 
00100011T0100020 20115139610001160024778820014       01897X0000000092096 FUNDACAO AGENCIA DAS BACIAS HI                                                                                000000002108202400000000  000000000                      
0010001300001T 0201897X0000000092096 24778829000008166   7000008166      30082024000000000168854001069833000008166                0900000000000010500000000000000000000000000000000000000   0000000000000000000000496A9A4      170192477882     
0010001300002U 020000000000000000000000000000000000000000000000000000000000000000000000000000000000000000000000000000000000000000000000002108202400000000            000000000000000                              000                           
0010001300003T 1401897X0000000092096 24778829000008162   7000008162      31082024000000000153561001009946000008162                0900000000000000000000000000000000000000000000000000000   000000000000000000000000000        170192477882     
0010001300004U 140000000000000000000000000000000000000000000000000000000000000000000000000000000000000000000000000000000000000000000000002108202400000000            000000000000000                              000                           
00100015         000006000074000000000587349290000000000000000000000000000000000000000000000000000000000000000000000000000000000000000000000000000                                                                                              
00199999         000001000008000000                                                                                                                                                            00000000000000000000000000000                    
