00100000         2115139610001160024778820014       01897X0000000092096 FUNDACAO AGENCIA DAS BACIAS HIBANCO DO BRASIL                         22612202402073100589303000000829973081PROCESSAMEN                                                 
00100011T0100020 20115139610001160024778820014       01897X0000000092096 FUNDACAO AGENCIA DAS BACIAS HI                                                                                000000002612202400000000  000000000                      
0010001300001T 0601897X0000000092096 24778822400003097   70000000000030971912202400000000012040500103360X000003097                0900000000000010040000000000000000000000000000000000000   000000000000000000000000034        170192477882     
0010001300002U 060000000000026880000000000000000000000000000000000000000000000000000001230930000000001230930000000000000000000000000000002612202427122024            000000000000000                              000                           
0010001300003T 0601897X0000000092096 24778829000008114   7000008114      31122024000000000201277341091830000008114                0900000000000010100000000000000000000000000000000000000   000000000000000000000000004        170192477882     
0010001300004U 060000000000000000000000000000000000000000000000000000000000000000000002012770000000002012770000000000000000000000000000002612202427122024            000000000000000                              000                           
0010001300005T 0601897X0000000092096 24778829000008472   7000008472      31122024000000000078140341006580000008472                0900000000000010100000000000000000000000000000000000000   000000000000000000000000004        170192477882     
0010001300006U 060000000000000000000000000000000000000000000000000000000000000000000000781400000000000781400000000000000000000000000000002612202427122024            000000000000000                              000                           
0010001300007T 0601897X0000000092096 24778829000008473   7000008473      31122024000000000042649341006580000008473                0900000000000010100000000000000000000000000000000000000   000000000000000000000000004        170192477882     
0010001300008U 060000000000000000000000000000000000000000000000000000000000000000000000426490000000000426490000000000000000000000000000002612202427122024            000000000000000                              000                           
00100015         000010000535000000001247242860000000000000000000000000000000000000000000000000000000000000000000000000000000000000000000000000000                                                                                              
00199999         000001000012000000                                                                                                                                                            00000000000000000000000000000                    
