00100000         2115139610001160024778820014       01897X0000000092096 FUNDACAO AGENCIA DAS BACIAS HIBANCO DO BRASIL                         20503202401451800554303000000829973081PROCESSAMEN                                                 
00100011T0100020 20115139610001160024778820014       01897X0000000092096 FUNDACAO AGENCIA DAS BACIAS HI                                                                                000000000503202400000000  000000000                      
0010001300001T 0201897X0000000092096 24778829000008056   7000008056      29032024000000000062022001003409000008056                0900000000000010500000000000000000000000000000000000000   0000000000000000000000496A9A4      170192477882     
0010001300002U 020000000000000000000000000000000000000000000000000000000000000000000000000000000000000000000000000000000000000000000000000503202400000000            000000000000000                              000                           
0010001300003T 0201897X0000000092096 24778829000008057   7000008057      30042024000000000062022001003409000008057                0900000000000010500000000000000000000000000000000000000   0000000000000000000000496A9A4      170192477882     
0010001300004U 020000000000000000000000000000000000000000000000000000000000000000000000000000000000000000000000000000000000000000000000000503202400000000            000000000000000                              000                           
0010001300005T 0201897X0000000092096 24778829000008058   7000008058      31052024000000000062022001003409000008058                0900000000000010500000000000000000000000000000000000000   0000000000000000000000496A9A4      170192477882     
0010001300006U 020000000000000000000000000000000000000000000000000000000000000000000000000000000000000000000000000000000000000000000000000503202400000000            000000000000000                              000                           
0010001300007T 0201897X0000000092096 24778829000008059   7000008059      28062024000000000062022001003409000008059                0900000000000010500000000000000000000000000000000000000   0000000000000000000000496A9A4      170192477882     
0010001300008U 020000000000000000000000000000000000000000000000000000000000000000000000000000000000000000000000000000000000000000000000000503202400000000            000000000000000                              000                           
0010001300009T 0201897X0000000092096 24778829000008060   7000008060      31072024000000000062022001003409000008060                0900000000000010500000000000000000000000000000000000000   0000000000000000000000496A9A4      170192477882     
0010001300010U 020000000000000000000000000000000000000000000000000000000000000000000000000000000000000000000000000000000000000000000000000503202400000000            000000000000000                              000                           
0010001300011T 0201897X0000000092096 24778829000008061   7000008061      30082024000000000062022001003409000008061                0900000000000010500000000000000000000000000000000000000   0000000000000000000000496A9A4      170192477882     
0010001300012U 020000000000000000000000000000000000000000000000000000000000000000000000000000000000000000000000000000000000000000000000000503202400000000            000000000000000                              000                           
0010001300013T 0201897X0000000092096 24778829000008062   7000008062      30092024000000000062022001003409000008062                0900000000000010500000000000000000000000000000000000000   0000000000000000000000496A9A4      170192477882     
0010001300014U 020000000000000000000000000000000000000000000000000000000000000000000000000000000000000000000000000000000000000000000000000503202400000000            000000000000000                              000                           
0010001300015T 0201897X0000000092096 24778829000008063   7000008063      31102024000000000062022001003409000008063                0900000000000010500000000000000000000000000000000000000   0000000000000000000000496A9A4      170192477882     
0010001300016U 020000000000000000000000000000000000000000000000000000000000000000000000000000000000000000000000000000000000000000000000000503202400000000            000000000000000                              000                           
0010001300017T 0201897X0000000092096 24778829000008064   7000008064      29112024000000000062022001003409000008064                0900000000000010500000000000000000000000000000000000000   0000000000000000000000496A9A4      170192477882     
0010001300018U 020000000000000000000000000000000000000000000000000000000000000000000000000000000000000000000000000000000000000000000000000503202400000000            000000000000000                              000                           
0010001300019T 0201897X0000000092096 24778829000008065   7000008065      31122024000000000062022001003409000008065                0900000000000010500000000000000000000000000000000000000   0000000000000000000000496A9A4      170192477882     
0010001300020U 020000000000000000000000000000000000000000000000000000000000000000000000000000000000000000000000000000000000000000000000000503202400000000            000000000000000                              000                           
00100015         000022000038000000001311304770000000000000000000000000000000000000000000000000000000000000000000000000000000000000000000000000000                                                                                              
00199999         000001000024000000                                                                                                                                                            00000000000000000000000000000                    
