00100000         2115139610001160024778820014       01897X0000000092096 FUNDACAO AGENCIA DAS BACIAS HIBANCO DO BRASIL                         20108202402004500569103000000829973081PROCESSAMEN                                                 
00100011T0100020 20115139610001160024778820014       01897X0000000092096 FUNDACAO AGENCIA DAS BACIAS HI                                                                                000000000108202400000000  000000000                      
0010001300001T 0601897X0000000092096 24778829000008089   7000008089      31072024000000000218613341074680000008089                0900000000000010100000000000000000000000000000000000000   000000000000000000000000004        170192477882     
0010001300002U 060000000000044440000000000000000000000000000000000000000000000000000002230570000000002230570000000000000000000000000000000108202402082024            000000000000000                              000                           
00100015         000004000040000000000546097980000000000000000000000000000000000000000000000000000000000000000000000000000000000000000000000000000                                                                                              
00199999         000001000006000000                                                                                                                                                            00000000000000000000000000000                    
