00100000         2115139610001160024778820014       01897X0000000092096 FUNDACAO AGENCIA DAS BACIAS HIBANCO DO BRASIL                         20507202402012200566503000000829973081PROCESSAMEN                                                 
00100011T0100020 20115139610001160024778820014       01897X0000000092096 FUNDACAO AGENCIA DAS BACIAS HI                                                                                000000000507202400000000  000000000                      
0010001300001T 0601897X0000000092096 24778829000008107   7000008107      05072024000000000028203422000020000008107                0900000000000010100000000000000000000000000000000000000   000000000000000000000000004        170192477882     
0010001300002U 060000000000000000000000000000000000000000000000000000000000000000000000282030000000000282030000000000000000000000000000000507202408072024            000000000000000                              000                           
0010001300003T 0901897X0000000092096 24778829000008085   7000008085      31052024000000000034355001003409000008085                0900000000000000000000000000000000000000000000000000000   000000000000000000000037209        170192477882     
0010001300004U 090000000000000000000000000000000000000000000000000000000000000000000000000000000000000000000000000000000000000000000000000507202400000000            000000000000000                              000                           
00100015         000006000030000000000617086810000000000000000000000000000000000000000000000000000000000000000000000000000000000000000000000000000                                                                                              
00199999         000001000008000000                                                                                                                                                            00000000000000000000000000000                    
