00100000         2115139610001160024778820014       01897X0000000092096 FUNDACAO AGENCIA DAS BACIAS HIBANCO DO BRASIL                         23101202401131400550903000000829973081PROCESSAMEN                                                 
00100011T0100020 20115139610001160024778820014       01897X0000000092096 FUNDACAO AGENCIA DAS BACIAS HI                                                                                000000003101202400000000  000000000                      
0010001300001T 0201897X0000000092096 24778829000008027   7000008027      29022024000000000066110001001724000008027                0900000000000010000000000000000000000000000000000000000   0000000000000000000000496A9        170192477882     
0010001300002U 020000000000000000000000000000000000000000000000000000000000000000000000000000000000000000000000000000000000000000000000003101202400000000            000000000000000                              000                           
0010001300003T 0601897X0000000092096 24778829000007901   7000007901      31012024000000008000000104003410000007901                0900000000000010100000000000000000000000000000000000000   000000000000000000000000004        170192477882     
0010001300004U 060000000000000000000000000000000000000000000000000000000000000000000080000000000000080000000000000000000000000000000000003101202401022024            000000000000000                              000                           
0010001300005T 0601897X0000000092096 24778829000007922   7000007922      31012024000000000191290655000010000007922                0900000000000010100000000000000000000000000000000000000   000000000000000000000000004        170192477882     
0010001300006U 060000000000000000000000000000000000000000000000000000000000000000000001912900000000001912900000000000000000000000000000003101202401022024            000000000000000                              000                           
0010001300007T 0601897X0000000092096 24778829000007992   7000007992      31012024000000000036607341001390000007992                0900000000000010100000000000000000000000000000000000000   000000000000000000000000004        170192477882     
0010001300008U 060000000000000000000000000000000000000000000000000000000000000000000000366070000000000366070000000000000000000000000000003101202401022024            000000000000000                              000                           
0010001300009T 0601897X0000000092096 24778829000007995   7000007995      31012024000000000018758341001100000007995                0900000000000010100000000000000000000000000000000000000   000000000000000000000000004        170192477882     
0010001300010U 060000000000000000000000000000000000000000000000000000000000000000000000187580000000000187580000000000000000000000000000003101202401022024            000000000000000                              000                           
0010001300011T 0601897X0000000092096 24778829000007997   7000007997      31012024000000000024545237023720000007997                0900000000000010100000000000000000000000000000000000000   000000000000000000000000004        170192477882     
0010001300012U 060000000000000000000000000000000000000000000000000000000000000000000000245450000000000245450000000000000000000000000000003101202401022024            000000000000000                              000                           
0010001300013T 0601897X0000000092096 24778829000008002   7000008002      31012024000000001970455104019380000008002                0900000000000010100000000000000000000000000000000000000   000000000000000000000000004        170192477882     
0010001300014U 060000000000000000000000000000000000000000000000000000000000000000000019704550000000019704550000000000000000000000000000003101202401022024            000000000000000                              000                           
0010001300015T 0601897X0000000092096 24778829000008009   7000008009      31012024000000000006548756072810000008009                0900000000000010100000000000000000000000000000000000000   000000000000000000000000004        170192477882     
0010001300016U 060000000000000000000000000000000000000000000000000000000000000000000000065480000000000065480000000000000000000000000000003101202401022024            000000000000000                              000                           
0010001300017T 0601897X0000000092096 24778829000008010   7000008010      31012024000000000185548104009610000008010                0900000000000010100000000000000000000000000000000000000   000000000000000000000000004        170192477882     
0010001300018U 060000000000000000000000000000000000000000000000000000000000000000000001855480000000001855480000000000000000000000000000003101202401022024            000000000000000                              000                           
0010001300019T 0601897X0000000092096 24778829000008011   7000008011      31012024000000000033805260000010000008011                0900000000000010100000000000000000000000000000000000000   000000000000000000000000004        170192477882     
0010001300020U 060000000000000000000000000000000000000000000000000000000000000000000000338050000000000338050000000000000000000000000000003101202401022024            000000000000000                              000                           
0010001300021T 0601897X0000000092096 24778829000008013   7000008013      31012024000000000046846237020280000008013                0900000000000010100000000000000000000000000000000000000   000000000000000000000000004        170192477882     
0010001300022U 060000000000000000000000000000000000000000000000000000000000000000000000468460000000000468460000000000000000000000000000003101202401022024            000000000000000                              000                           
0010001300023T 0601897X0000000092096 24778829000008017   7000008017      31012024000000000056302237006270000008017                0900000000000010100000000000000000000000000000000000000   000000000000000000000000004        170192477882     
0010001300024U 060000000000000000000000000000000000000000000000000000000000000000000000563020000000000563020000000000000000000000000000003101202401022024            000000000000000                              000                           
0010001300025T 0601897X0000000092096 24778829000008025   7000008025      31012024000000000074354237033890000008025                0900000000000010100000000000000000000000000000000000000   000000000000000000000000004        170192477882     
0010001300026U 060000000000000000000000000000000000000000000000000000000000000000000000743540000000000743540000000000000000000000000000003101202401022024            000000000000000                              000                           
00100015         000028000035000000001628514690000000000000000000000000000000000000000000000000000000000000000000000000000000000000000000000000000                                                                                              
00199999         000001000030000000                                                                                                                                                            00000000000000000000000000000                    
