00100000         2115139610001160024778820014       01897X0000000092096 FUNDACAO AGENCIA DAS BACIAS HIBANCO DO BRASIL                         22703202401595900556903000000829973081PROCESSAMEN                                                 
00100011T0100020 20115139610001160024778820014       01897X0000000092096 FUNDACAO AGENCIA DAS BACIAS HI                                                                                000000002703202400000000  000000000                      
0010001300001T 0601897X0000000092096 24778829000007895   7000007895      28032024000000022041723001069779000007895                0900000000000010040000000000000000000000000000000000000   000000000000000000000000034        170192477882     
0010001300002U 060000000000000000000000000000000000000000000000000000000000000000000220417230000000220417230000000000000000000000000000002703202428032024            000000000000000                              000                           
0010001300003T 0601897X0000000092096 24778829000007903   7000007903      28032024000000008000000104003410000007903                0900000000000010100000000000000000000000000000000000000   000000000000000000000000004        170192477882     
0010001300004U 060000000000000000000000000000000000000000000000000000000000000000000080000000000000080000000000000000000000000000000000002703202428032024            000000000000000                              000                           
0010001300005T 0601897X0000000092096 24778829000008056   7000008056      29032024000000000062022341001620000008056                0900000000000010100000000000000000000000000000000000000   000000000000000000000000004        170192477882     
0010001300006U 060000000000000000000000000000000000000000000000000000000000000000000000620220000000000620220000000000000000000000000000002703202428032024            000000000000000                              000                           
00100015         000008000026000000001000839670000000000000000000000000000000000000000000000000000000000000000000000000000000000000000000000000000                                                                                              
00199999         000001000010000000                                                                                                                                                            00000000000000000000000000000                    
