00100000         2115139610001160024778820014       01897X0000000092096 FUNDACAO AGENCIA DAS BACIAS HIBANCO DO BRASIL                         22602202402463800553203000000829973081PROCESSAMEN                                                 
00100011T0100020 20115139610001160024778820014       01897X0000000092096 FUNDACAO AGENCIA DAS BACIAS HI                                                                                000000002602202400000000  000000000                      
0010001300001T 0201897X0000000092096 24778829000008034   7000008034      29022024000000000136229001001678000008034                0900000000000010500000000000000000000000000000000000000   0000000000000000000000496A9A4      170192477882     
0010001300002U 020000000000000000000000000000000000000000000000000000000000000000000000000000000000000000000000000000000000000000000000002602202400000000            000000000000000                              000                           
0010001300003T 0601897X0000000092096 24778829000008030   7000008030      29022024000000000032011341010110000008030                0900000000000010100000000000000000000000000000000000000   000000000000000000000000004        170192477882     
0010001300004U 060000000000000000000000000000000000000000000000000000000000000000000000320110000000000320110000000000000000000000000000002602202427022024            000000000000000                              000                           
0010001300005T 0601897X0000000092096 24778829000008032   7000008032      29022024000000000081999748054060000008032                0900000000000010100000000000000000000000000000000000000   000000000000000000000000004        170192477882     
0010001300006U 060000000000000000000000000000000000000000000000000000000000000000000000819990000000000819990000000000000000000000000000002602202427022024            000000000000000                              000                           
00100015         000008000037000000001641241250000000000000000000000000000000000000000000000000000000000000000000000000000000000000000000000000000                                                                                              
00199999         000001000010000000                                                                                                                                                            00000000000000000000000000000                    
