00100000         2115139610001160024778820014       01897X0000000092096 FUNDACAO AGENCIA DAS BACIAS HIBANCO DO BRASIL                         22802202502112100597003000000829973081PROCESSAMEN                                                 
00100011T0100020 20115139610001160024778820014       01897X0000000092096 FUNDACAO AGENCIA DAS BACIAS HI                                                                                000000002802202500000000  000000000                      
0010001300001T 0601897X0000000092096 24778829000008083   7000008083      28022025000000000060638237022970000008083                0900000000000010100000000000000000000000000000000000000   000000000000000000000000004        170192477882     
0010001300002U 060000000000000000000000000000000000000000000000000000000000000000000000606380000000000606380000000000000000000000000000002802202505032025            000000000000000                              000                           
0010001300003T 0601897X0000000092096 24778829000008188   7000008188      28022025000000000371250001051152000008188                0900000000000010040000000000000000000000000000000000000   000000000000000000000000034        170192477882     
0010001300004U 060000000000000000000000000000000000000000000000000000000000000000000003712500000000003712500000000000000000000000000000002802202505032025            000000000000000                              000                           
0010001300005T 0601897X0000000092096 24778829000008252   7000008252      28022025000000000247312341007960000008252                0900000000000010100000000000000000000000000000000000000   000000000000000000000000004        170192477882     
0010001300006U 060000000000000000000000000000000000000000000000000000000000000000000002473120000000002473120000000000000000000000000000002802202505032025            000000000000000                              000                           
0010001300007T 0601897X0000000092096 24778829000008289   7000008289      28022025000000000078409341000500000008289                0900000000000010100000000000000000000000000000000000000   000000000000000000000000004        170192477882     
0010001300008U 060000000000000000000000000000000000000000000000000000000000000000000000784090000000000784090000000000000000000000000000002802202505032025            000000000000000                              000                           
0010001300009T 0601897X0000000092096 24778829000008302   7000008302      28022025000000000053035237033710000008302                0900000000000010100000000000000000000000000000000000000   000000000000000000000000004        170192477882     
0010001300010U 060000000000000000000000000000000000000000000000000000000000000000000000530350000000000530350000000000000000000000000000002802202505032025            000000000000000                              000                           
0010001300011T 0601897X0000000092096 24778829000008421   7000008421      28022025000000009000000104003410000008421                0900000000000010100000000000000000000000000000000000000   000000000000000000000000004        170192477882     
0010001300012U 060000000000000000000000000000000000000000000000000000000000000000000090000000000000090000000000000000000000000000000000002802202505032025            000000000000000                              000                           
0010001300013T 0601897X0000000092096 24778829000008427   7000008427      28022025000000001970464104019380000008427                0900000000000010100000000000000000000000000000000000000   000000000000000000000000004        170192477882     
0010001300014U 060000000000000000000000000000000000000000000000000000000000000000000019704640000000019704640000000000000000000000000000002802202505032025            000000000000000                              000                           
0010001300015T 0601897X0000000092096 24778829000008493   7000008493      28022025000000000103278341029770000008493                0900000000000010100000000000000000000000000000000000000   000000000000000000000000004        170192477882     
0010001300016U 060000000000000000000000000000000000000000000000000000000000000000000001032780000000001032780000000000000000000000000000002802202505032025            000000000000000                              000                           
0010001300017T 0601897X0000000092096 24778829000008495   7000008495      28022025000000000101935237023720000008495                0900000000000010100000000000000000000000000000000000000   000000000000000000000000004        170192477882     
0010001300018U 060000000000000000000000000000000000000000000000000000000000000000000001019350000000001019350000000000000000000000000000002802202505032025            000000000000000                              000                           
0010001300019T 0601897X0000000092096 24778829000008496   7000008496      28022025000000000092766341000190000008496                0900000000000010100000000000000000000000000000000000000   000000000000000000000000004        170192477882     
0010001300020U 060000000000000000000000000000000000000000000000000000000000000000000000927660000000000927660000000000000000000000000000002802202505032025            000000000000000                              000                           
0010001300021T 0601897X0000000092096 24778829000008497   7000008497      28022025000000000985720422001150000008497                0900000000000010100000000000000000000000000000000000000   000000000000000000000000004        170192477882     
0010001300022U 060000000000000000000000000000000000000000000000000000000000000000000009857200000000009857200000000000000000000000000000002802202505032025            000000000000000                              000                           
0010001300023T 0601897X0000000092096 24778829000008498   7000008498      28022025000000000096524341000250000008498                0900000000000010100000000000000000000000000000000000000   000000000000000000000000004        170192477882     
0010001300024U 060000000000000000000000000000000000000000000000000000000000000000000000965240000000000965240000000000000000000000000000002802202505032025            000000000000000                              000                           
0010001300025T 0601897X0000000092096 24778829000008499   7000008499      28022025000000000443310341027110000008499                0900000000000010100000000000000000000000000000000000000   000000000000000000000000004        170192477882     
0010001300026U 060000000000000000000000000000000000000000000000000000000000000000000004433100000000004433100000000000000000000000000000002802202505032025            000000000000000                              000                           
00100015         000028000037000000000502977060000000000000000000000000000000000000000000000000000000000000000000000000000000000000000000000000000                                                                                              
00199999         000001000030000000                                                                                                                                                            00000000000000000000000000000                    
