00100000         2115139610001160024778820014       01897X0000000092096 FUNDACAO AGENCIA DAS BACIAS HIBANCO DO BRASIL                         20808202501521500617303000000829973081PROCESSAMEN                                                 
00100011T0100020 20115139610001160024778820014       01897X0000000092096 FUNDACAO AGENCIA DAS BACIAS HI                                                                                000000000808202500000000  000000000                      
0010001300001T 0201897X0000000092096 24778829000008754   7000008754      29082025000000000046053001003409000008754                0900000000000010000000000000000000000000000000000000000   0000000000000000000000519A9        170192477882     
0010001300002U 020000000000000000000000000000000000000000000000000000000000000000000000000000000000000000000000000000000000000000000000000808202500000000            000000000000000                              000                           
0010001300003T 0201897X0000000092096 24778829000008755   7000008755      29082025000000000170809001003018000008755                0900000000000010500000000000000000000000000000000000000   0000000000000000000000519A9A4      170192477882     
0010001300004U 020000000000000000000000000000000000000000000000000000000000000000000000000000000000000000000000000000000000000000000000000808202500000000            000000000000000                              000                           
0010001300005T 0601897X0000000092096 24778822500001183   700000000000118308082025000000000026276033000410000001183                0900000000000010100000000000000000000000000000000000000   000000000000000000000000004        170192477882     
0010001300006U 060000000000000000000000000000000000000000000000000000000000000000000000262760000000000262760000000000000000000000000000000808202511082025            000000000000000                              000                           
0010001300007T 0601897X0000000092096 24778822500001710   700000000000171029082025000000000023879001012270000001710                0900000000000010090000000000000000000000000000000000000   000000000000000000000000006        170192477882     
0010001300008U 060000000000000000000000000000000000000000000000000000000000000000000000238790000000000238790000000000000000000000000000000808202511082025            000000000000000                              000                           
0010001300009T 0601897X0000000092096 24778822500001983   700000000000198329082025000000000020064341000550000001983                0900000000000010100000000000000000000000000000000000000   000000000000000000000000004        170192477882     
0010001300010U 060000000000000000000000000000000000000000000000000000000000000000000000200640000000000200640000000000000000000000000000000808202511082025            000000000000000                              000                           
0010001300011T 0601897X0000000092096 24778822500004255   700000000000425529082025000000000150596341009100000004255                0900000000000010100000000000000000000000000000000000000   000000000000000000000000004        170192477882     
0010001300012U 060000000000000000000000000000000000000000000000000000000000000000000001505960000000001505960000000000000000000000000000000808202511082025            000000000000000                              000                           
0010001300013T 0601897X0000000092096 24778822500007230   700000000000723029082025000000000027186341000040000007230                0900000000000010100000000000000000000000000000000000000   000000000000000000000000004        170192477882     
0010001300014U 060000000000000000000000000000000000000000000000000000000000000000000000271860000000000271860000000000000000000000000000000808202511082025            000000000000000                              000                           
0010001300015T 0601897X0000000092096 24778829000008696   7000008696      08082025000000000033123237033930000008696                0900000000000010100000000000000000000000000000000000000   000000000000000000000000004        170192477882     
0010001300016U 060000000000000000000000000000000000000000000000000000000000000000000000331230000000000331230000000000000000000000000000000808202511082025            000000000000000                              000                           
0010001300017T 0601897X0000000092096 24778829000008710   7000008710      08082025000000000175509341009100000008710                0900000000000010100000000000000000000000000000000000000   000000000000000000000000004        170192477882     
0010001300018U 060000000000000000000000000000000000000000000000000000000000000000000001755090000000001755090000000000000000000000000000000808202511082025            000000000000000                              000                           
0010001300019T 0601897X0000000092096 24778829000008711   7000008711      08082025000000000141458341009100000008711                0900000000000010100000000000000000000000000000000000000   000000000000000000000000004        170192477882     
0010001300020U 060000000000000000000000000000000000000000000000000000000000000000000001414580000000001414580000000000000000000000000000000808202511082025            000000000000000                              000                           
0010001300021T 0601897X0000000092096 24778829000008712   7000008712      08082025000000000080236341009100000008712                0900000000000010100000000000000000000000000000000000000   000000000000000000000000004        170192477882     
0010001300022U 060000000000000000000000000000000000000000000000000000000000000000000000802360000000000802360000000000000000000000000000000808202511082025            000000000000000                              000                           
0010001300023T 0601897X0000000092096 24778829000008713   7000008713      08082025000000000080236341009100000008713                0900000000000010100000000000000000000000000000000000000   000000000000000000000000004        170192477882     
0010001300024U 060000000000000000000000000000000000000000000000000000000000000000000000802360000000000802360000000000000000000000000000000808202511082025            000000000000000                              000                           
0010001300025T 0601897X0000000092096 24778829000008732   7000008732      30092025000000000036465033000590000008732                0900000000000010100000000000000000000000000000000000000   000000000000000000000000004        170192477882     
0010001300026U 060000000000000000000000000000000000000000000000000000000000000000000000364650000000000364650000000000000000000000000000000808202511082025            000000000000000                              000                           
0010001300027T 0901897X0000000092096 24778822500000608   700000000000060804072025000000000026260001069833000000608                0900000000000000000000000000000000000000000000000000000   000000000000000000000039009        170192477882     
0010001300028U 090000000000000000000000000000000000000000000000000000000000000000000000000000000000000000000000000000000000000000000000000808202500000000            000000000000000                              000                           
0010001300029T 0901897X0000000092096 24778822500001125   700000000000112504072025000000000027584001023248000001125                0900000000000000000000000000000000000000000000000000000   000000000000000000000039009        170192477882     
0010001300030U 090000000000000000000000000000000000000000000000000000000000000000000000000000000000000000000000000000000000000000000000000808202500000000            000000000000000                              000                           
0010001300031T 0901897X0000000092096 24778829000008675   7000008675      31072025000000000045596001003409000008675                0900000000000000000000000000000000000000000000000000000   000000000000000000000039010        170192477882     
0010001300032U 090000000000000000000000000000000000000000000000000000000000000000000000000000000000000000000000000000000000000000000000000808202500000000            000000000000000                              000                           
00100015         000034004652000000014499008260000000000000000000000000000000000000000000000000000000000000000000000000000000000000000000000000000                                                                                              
00199999         000001000036000000                                                                                                                                                            00000000000000000000000000000                    
