00100000         2115139610001160024778820014       01897X0000000092096 FUNDACAO AGENCIA DAS BACIAS HIBANCO DO BRASIL                         20107202502052700611703000000829973081PROCESSAMEN                                                 
00100011T0100020 20115139610001160024778820014       01897X0000000092096 FUNDACAO AGENCIA DAS BACIAS HI                                                                                000000000107202500000000  000000000                      
0010001300001T 0201897X0000000092096 24778829000008656   7000008656      0207202500000000008606300101513X000008656                0900000000000010500000000000000000000000000000000000000   0000000000000000000000519A9A4      170192477882     
0010001300002U 020000000000000000000000000000000000000000000000000000000000000000000000000000000000000000000000000000000000000000000000000107202500000000            000000000000000                              000                           
0010001300003T 0201897X0000000092096 24778829000008657   7000008657      31072025000000000031278001003409000008657                0900000000000010500000000000000000000000000000000000000   0000000000000000000000519A9A4      170192477882     
0010001300004U 020000000000000000000000000000000000000000000000000000000000000000000000000000000000000000000000000000000000000000000000000107202500000000            000000000000000                              000                           
0010001300005T 0201897X0000000092096 24778829000008658   7000008658      31072025000000000081653001024171000008658                0900000000000010500000000000000000000000000000000000000   0000000000000000000000519A9A4      170192477882     
0010001300006U 020000000000000000000000000000000000000000000000000000000000000000000000000000000000000000000000000000000000000000000000000107202500000000            000000000000000                              000                           
0010001300007T 0201897X0000000092096 24778829000008659   7000008659      31072025000000000105228001000566000008659                0900000000000010000000000000000000000000000000000000000   0000000000000000000000519A9        170192477882     
0010001300008U 020000000000000000000000000000000000000000000000000000000000000000000000000000000000000000000000000000000000000000000000000107202500000000            000000000000000                              000                           
0010001300009T 0601897X0000000092096 24778822500000099   700000000000009930062025000000000146638341000410000000099                0900000000000010100000000000000000000000000000000000000   000000000000000000000000004        170192477882     
0010001300010U 060000000000029800000000000000000000000000000000000000000000000000000001496180000000001496180000000000000000000000000000000107202502072025            000000000000000                              000                           
0010001300011T 0601897X0000000092096 24778822500000144   700000000000014430062025000000000102121033038530000000144                0900000000000010100000000000000000000000000000000000000   000000000000000000000000004        170192477882     
0010001300012U 060000000000020760000000000000000000000000000000000000000000000000000001041970000000001041970000000000000000000000000000000107202502072025            000000000000000                              000                           
0010001300013T 0601897X0000000092096 24778822500000285   700000000000028530062025000000000039523237001500000000285                0900000000000010100000000000000000000000000000000000000   000000000000000000000000004        170192477882     
0010001300014U 060000000000008030000000000000000000000000000000000000000000000000000000403260000000000403260000000000000000000000000000000107202502072025            000000000000000                              000                           
0010001300015T 0601897X0000000092096 24778822500000304   700000000000030430062025000000000038308001031496000000304                0900000000000010040000000000000000000000000000000000000   000000000000000000000000034        170192477882     
0010001300016U 060000000000007780000000000000000000000000000000000000000000000000000000390860000000000390860000000000000000000000000000000107202502072025            000000000000000                              000                           
0010001300017T 0601897X0000000092096 24778822500000323   700000000000032330062025000000000036881033015710000000323                0900000000000010100000000000000000000000000000000000000   000000000000000000000000004        170192477882     
0010001300018U 060000000000007490000000000000000000000000000000000000000000000000000000376300000000000376300000000000000000000000000000000107202502072025            000000000000000                              000                           
0010001300019T 0601897X0000000092096 24778822500000393   700000000000039304072025000000000033880104013500000000393                0900000000000010100000000000000000000000000000000000000   000000000000000000000000004        170192477882     
0010001300020U 060000000000000000000000000000000000000000000000000000000000000000000000338800000000000338800000000000000000000000000000000107202502072025            000000000000000                              000                           
0010001300021T 0601897X0000000092096 24778822500000401   70000000000004013006202500000000003359700101852X000000401                0900000000000010060000000000000000000000000000000000000   000000000000000000000000033        170192477882     
0010001300022U 060000000000006820000000000000000000000000000000000000000000000000000000342790000000000342790000000000000000000000000000000107202502072025            000000000000000                              000                           
0010001300023T 0601897X0000000092096 24778822500000419   700000000000041904072025000000000032205341081270000000419                0900000000000010100000000000000000000000000000000000000   000000000000000000000000004        170192477882     
0010001300024U 060000000000000000000000000000000000000000000000000000000000000000000000322050000000000322050000000000000000000000000000000107202502072025            000000000000000                              000                           
0010001300025T 0601897X0000000092096 24778822500000478   700000000000047830062025000000000029716341084840000000478                0900000000000010100000000000000000000000000000000000000   000000000000000000000000004        170192477882     
0010001300026U 060000000000006030000000000000000000000000000000000000000000000000000000303190000000000303190000000000000000000000000000000107202502072025            000000000000000                              000                           
0010001300027T 0601897X0000000092096 24778822500000488   700000000000048830062025000000000029277237001500000000488                0900000000000010100000000000000000000000000000000000000   000000000000000000000000004        170192477882     
0010001300028U 060000000000005940000000000000000000000000000000000000000000000000000000298710000000000298710000000000000000000000000000000107202502072025            000000000000000                              000                           
0010001300029T 0601897X0000000092096 24778822500000542   700000000000054230062025000000000028399237003180000000542                0900000000000010100000000000000000000000000000000000000   000000000000000000000000004        170192477882     
0010001300030U 060000000000005760000000000000000000000000000000000000000000000000000000289750000000000289750000000000000000000000000000000107202502072025            000000000000000                              000                           
0010001300031T 0601897X0000000092096 24778822500000602   700000000000060230062025000000000026349001031496000000602                0900000000000010040000000000000000000000000000000000000   000000000000000000000000034        170192477882     
0010001300032U 060000000000005340000000000000000000000000000000000000000000000000000000268830000000000268830000000000000000000000000000000107202502072025            000000000000000                              000                           
0010001300033T 0601897X0000000092096 24778822500000740   700000000000074030062025000000000022213237008030000000740                0900000000000010100000000000000000000000000000000000000   000000000000000000000000004        170192477882     
0010001300034U 060000000000004510000000000000000000000000000000000000000000000000000000226640000000000226640000000000000000000000000000000107202502072025            000000000000000                              000                           
0010001300035T 0601897X0000000092096 24778822500000759   700000000000075930062025000000000021714341013700000000759                0900000000000010100000000000000000000000000000000000000   000000000000000000000000004        170192477882     
0010001300036U 060000000000004410000000000000000000000000000000000000000000000000000000221550000000000221550000000000000000000000000000000107202502072025            000000000000000                              000                           
0010001300037T 0601897X0000000092096 24778822500001147   700000000000114730062025000000000027177001031496000001147                0900000000000010060000000000000000000000000000000000000   000000000000000000000000033        170192477882     
0010001300038U 060000000000005520000000000000000000000000000000000000000000000000000000277290000000000277290000000000000000000000000000000107202502072025            000000000000000                              000                           
0010001300039T 0601897X0000000092096 24778822500001232   700000000000123231072025000000000025152341009100000001232                0900000000000010100000000000000000000000000000000000000   000000000000000000000000004        170192477882     
0010001300040U 060000000000000000000000000000000000000000000000000000000000000000000000251520000000000251520000000000000000000000000000000107202502072025            000000000000000                              000                           
0010001300041T 0601897X0000000092096 24778822500001443   700000000000144330062025000000000021364001031496000001443                0900000000000010040000000000000000000000000000000000000   000000000000000000000000034        170192477882     
0010001300042U 060000000000004340000000000000000000000000000000000000000000000000000000217980000000000217980000000000000000000000000000000107202502072025            000000000000000                              000                           
0010001300043T 0601897X0000000092096 24778822500001559   700000000000155931072025000000000025790341000550000001559                0900000000000010100000000000000000000000000000000000000   000000000000000000000000004        170192477882     
0010001300044U 060000000000000000000000000000000000000000000000000000000000000000000000257900000000000257900000000000000000000000000000000107202502072025            000000000000000                              000                           
0010001300045T 0601897X0000000092096 24778822500001640   700000000000164031072025000000000024397237002150000001640                0900000000000010100000000000000000000000000000000000000   000000000000000000000000004        170192477882     
0010001300046U 060000000000000000000000000000000000000000000000000000000000000000000000243970000000000243970000000000000000000000000000000107202502072025            000000000000000                              000                           
0010001300047T 0601897X0000000092096 24778822500001723   700000000000172330062025000000000023712001026565000001723                0900000000000010060000000000000000000000000000000000000   000000000000000000000000033        170192477882     
0010001300048U 060000000000004810000000000000000000000000000000000000000000000000000000241930000000000241930000000000000000000000000000000107202502072025            000000000000000                              000                           
0010001300049T 0601897X0000000092096 24778822500001738   700000000000173830062025000000000023422341005460000001738                0900000000000010100000000000000000000000000000000000000   000000000000000000000000004        170192477882     
0010001300050U 060000000000004750000000000000000000000000000000000000000000000000000000238970000000000238970000000000000000000000000000000107202502072025            000000000000000                              000                           
0010001300051T 0601897X0000000092096 24778822500002514   700000000000251431072025000000000023363341009100000002514                0900000000000010100000000000000000000000000000000000000   000000000000000000000000004        170192477882     
0010001300052U 060000000000000000000000000000000000000000000000000000000000000000000000233630000000000233630000000000000000000000000000000107202502072025            000000000000000                              000                           
0010001300053T 0601897X0000000092096 24778822500002875   700000000000287530062025000000000022619341000190000002875                0900000000000010100000000000000000000000000000000000000   000000000000000000000000004        170192477882     
0010001300054U 060000000000004590000000000000000000000000000000000000000000000000000000230780000000000230780000000000000000000000000000000107202502072025            000000000000000                              000                           
0010001300055T 0601897X0000000092096 24778822500002923   700000000000292330062025000000000022199341000550000002923                0900000000000010100000000000000000000000000000000000000   000000000000000000000000004        170192477882     
0010001300056U 060000000000004500000000000000000000000000000000000000000000000000000000226490000000000226490000000000000000000000000000000107202502072025            000000000000000                              000                           
0010001300057T 0601897X0000000092096 24778822500003805   700000000000380530062025000000000285427341001100000003805                0900000000000010100000000000000000000000000000000000000   000000000000000000000000004        170192477882     
0010001300058U 060000000000058030000000000000000000000000000000000000000000000000000002912300000000002912300000000000000000000000000000000107202502072025            000000000000000                              000                           
0010001300059T 0601897X0000000092096 24778822500004085   700000000000408504072025000000000184228033033160000004085                0900000000000010100000000000000000000000000000000000000   000000000000000000000000004        170192477882     
0010001300060U 060000000000000000000000000000000000000000000000000000000000000000000001842280000000001842280000000000000000000000000000000107202502072025            000000000000000                              000                           
0010001300061T 0601897X0000000092096 24778822500004932   700000000000493230062025000000000078399237019700000004932                0900000000000010100000000000000000000000000000000000000   000000000000000000000000004        170192477882     
0010001300062U 060000000000015930000000000000000000000000000000000000000000000000000000799920000000000799920000000000000000000000000000000107202502072025            000000000000000                              000                           
0010001300063T 0601897X0000000092096 24778822500005793   700000000000579330062025000000000047572341006410000005793                0900000000000010100000000000000000000000000000000000000   000000000000000000000000004        170192477882     
0010001300064U 060000000000009660000000000000000000000000000000000000000000000000000000485380000000000485380000000000000000000000000000000107202502072025            000000000000000                              000                           
0010001300065T 0601897X0000000092096 24778822500005989   700000000000598930062025000000000041823001031666000005989                0900000000000010060000000000000000000000000000000000000   000000000000000000000000033        170192477882     
0010001300066U 060000000000008490000000000000000000000000000000000000000000000000000000426720000000000426720000000000000000000000000000000107202502072025            000000000000000                              000                           
0010001300067T 0601897X0000000092096 24778822500006689   700000000000668904072025000000000032981237029350000006689                0900000000000010100000000000000000000000000000000000000   000000000000000000000000004        170192477882     
0010001300068U 060000000000000000000000000000000000000000000000000000000000000000000000329810000000000329810000000000000000000000000000000107202502072025            000000000000000                              000                           
0010001300069T 0601897X0000000092096 24778822500007564   700000000000756430062025000000000023497237033670000007564                0900000000000010100000000000000000000000000000000000000   000000000000000000000000004        170192477882     
0010001300070U 060000000000004760000000000000000000000000000000000000000000000000000000239730000000000239730000000000000000000000000000000107202502072025            000000000000000                              000                           
0010001300071T 0601897X0000000092096 24778822500007956   700000000000795630062025000000000020628341026330000007956                0900000000000010100000000000000000000000000000000000000   000000000000000000000000004        170192477882     
0010001300072U 060000000000004180000000000000000000000000000000000000000000000000000000210460000000000210460000000000000000000000000000000107202502072025            000000000000000                              000                           
0010001300073T 0601897X0000000092096 24778822500007971   700000000000797131072025000000000020562341009100000007971                0900000000000010100000000000000000000000000000000000000   000000000000000000000000004        170192477882     
0010001300074U 060000000000000000000000000000000000000000000000000000000000000000000000205620000000000205620000000000000000000000000000000107202502072025            000000000000000                              000                           
0010001300075T 0901897X0000000092096 24778822500000770   700000000000077030062025000000000021362001000566000000770                0900000000000000000000000000000000000000000000000000000   000000000000000000000039010        170192477882     
0010001300076U 090000000000000000000000000000000000000000000000000000000000000000000000000000000000000000000000000000000000000000000000000107202500000000            000000000000000                              000                           
0010001300077T 0901897X0000000092096 24778829000008654   7000008654      3107202500000000008716100101513X000008654                0900000000000000000000000000000000000000000000000000000   000000000000000000000039010        170192477882     
0010001300078U 090000000000000000000000000000000000000000000000000000000000000000000000000000000000000000000000000000000000000000000000000107202500000000            000000000000000                              000                           
0010001300079T 1401897X0000000092096 24778822500000097   700000000000009704072025000000000156303001041467000000097                0900000000000000000000000000000000000000000000000000000   000000000000000000000000000        170192477882     
0010001300080U 140000000000000000000000000000000000000000000000000000000000000000000000000000000000000000000000000000000000000000000000000107202500000000            000000000000000                              000                           
0010001300081T 1401897X0000000092096 24778822500000114   700000000000011404072025000000000130452001069833000000114                0900000000000000000000000000000000000000000000000000000   000000000000000000000000000        170192477882     
0010001300082U 140000000000000000000000000000000000000000000000000000000000000000000000000000000000000000000000000000000000000000000000000107202500000000            000000000000000                              000                           
0010001300083T 1401897X0000000092096 24778822500000181   70000000000001810407202500000000007319200101849X000000181                0900000000000000000000000000000000000000000000000000000   000000000000000000000000000        170192477882     
0010001300084U 140000000000000000000000000000000000000000000000000000000000000000000000000000000000000000000000000000000000000000000000000107202500000000            000000000000000                              000                           
0010001300085T 1401897X0000000092096 24778822500000245   700000000000024504072025000000000048046001009903000000245                0900000000000000000000000000000000000000000000000000000   000000000000000000000000000        170192477882     
0010001300086U 140000000000000000000000000000000000000000000000000000000000000000000000000000000000000000000000000000000000000000000000000107202500000000            000000000000000                              000                           
0010001300087T 1401897X0000000092096 24778822500000332   700000000000033204072025000000000036596001003190000000332                0900000000000000000000000000000000000000000000000000000   000000000000000000000000000        170192477882     
0010001300088U 140000000000000000000000000000000000000000000000000000000000000000000000000000000000000000000000000000000000000000000000000107202500000000            000000000000000                              000                           
0010001300089T 1401897X0000000092096 24778822500000360   700000000000036011072025000000000035504001003190000000360                0900000000000000000000000000000000000000000000000000000   000000000000000000000000000        170192477882     
0010001300090U 140000000000000000000000000000000000000000000000000000000000000000000000000000000000000000000000000000000000000000000000000107202500000000            000000000000000                              000                           
0010001300091T 1401897X0000000092096 24778822500000370   70000000000003700407202500000000003513200100216X000000370                0900000000000000000000000000000000000000000000000000000   000000000000000000000000000        170192477882     
0010001300092U 140000000000000000000000000000000000000000000000000000000000000000000000000000000000000000000000000000000000000000000000000107202500000000            000000000000000                              000                           
0010001300093T 1401897X0000000092096 24778822500000393   700000000000039304072025000000000033880001009946000000393                0900000000000000000000000000000000000000000000000000000   000000000000000000000000000        170192477882     
0010001300094U 140000000000000000000000000000000000000000000000000000000000000000000000000000000000000000000000000000000000000000000000000107202500000000            000000000000000                              000                           
0010001300095T 1401897X0000000092096 24778822500000395   700000000000039504072025000000000033852001003190000000395                0900000000000000000000000000000000000000000000000000000   000000000000000000000000000        170192477882     
0010001300096U 140000000000000000000000000000000000000000000000000000000000000000000000000000000000000000000000000000000000000000000000000107202500000000            000000000000000                              000                           
0010001300097T 1401897X0000000092096 24778822500000396   700000000000039604072025000000000033755001006998000000396                0900000000000000000000000000000000000000000000000000000   000000000000000000000000000        170192477882     
0010001300098U 140000000000000000000000000000000000000000000000000000000000000000000000000000000000000000000000000000000000000000000000000107202500000000            000000000000000                              000                           
0010001300099T 1401897X0000000092096 24778822500000434   70000000000004340407202500000000003176800100216X000000434                0900000000000000000000000000000000000000000000000000000   000000000000000000000000000        170192477882     
0010001300100U 140000000000000000000000000000000000000000000000000000000000000000000000000000000000000000000000000000000000000000000000000107202500000000            000000000000000                              000                           
0010001300101T 1401897X0000000092096 24778822500000439   700000000000043904072025000000000031430001003409000000439                0900000000000000000000000000000000000000000000000000000   000000000000000000000000000        170192477882     
0010001300102U 140000000000000000000000000000000000000000000000000000000000000000000000000000000000000000000000000000000000000000000000000107202500000000            000000000000000                              000                           
0010001300103T 1401897X0000000092096 24778822500000481   700000000000048104072025000000000029506001003190000000481                0900000000000000000000000000000000000000000000000000000   000000000000000000000000000        170192477882     
0010001300104U 140000000000000000000000000000000000000000000000000000000000000000000000000000000000000000000000000000000000000000000000000107202500000000            000000000000000                              000                           
0010001300105T 1401897X0000000092096 24778822500000531   700000000000053104072025000000000028876001003409000000531                0900000000000000000000000000000000000000000000000000000   000000000000000000000000000        170192477882     
0010001300106U 140000000000000000000000000000000000000000000000000000000000000000000000000000000000000000000000000000000000000000000000000107202500000000            000000000000000                              000                           
0010001300107T 1401897X0000000092096 24778822500000621   700000000000062104072025000000000025658001006998000000621                0900000000000000000000000000000000000000000000000000000   000000000000000000000000000        170192477882     
0010001300108U 140000000000000000000000000000000000000000000000000000000000000000000000000000000000000000000000000000000000000000000000000107202500000000            000000000000000                              000                           
0010001300109T 1401897X0000000092096 24778822500000672   700000000000067204072025000000000023931001003190000000672                0900000000000000000000000000000000000000000000000000000   000000000000000000000000000        170192477882     
0010001300110U 140000000000000000000000000000000000000000000000000000000000000000000000000000000000000000000000000000000000000000000000000107202500000000            000000000000000                              000                           
0010001300111T 1401897X0000000092096 24778822500000718   700000000000071804072025000000000022801001003190000000718                0900000000000000000000000000000000000000000000000000000   000000000000000000000000000        170192477882     
0010001300112U 140000000000000000000000000000000000000000000000000000000000000000000000000000000000000000000000000000000000000000000000000107202500000000            000000000000000                              000                           
0010001300113T 1401897X0000000092096 24778822500000728   70000000000007280407202500000000002238200101849X000000728                0900000000000000000000000000000000000000000000000000000   000000000000000000000000000        170192477882     
0010001300114U 140000000000000000000000000000000000000000000000000000000000000000000000000000000000000000000000000000000000000000000000000107202500000000            000000000000000                              000                           
0010001300115T 1401897X0000000092096 24778822500000859   700000000000085904072025000000000017506001004596000000859                0900000000000000000000000000000000000000000000000000000   000000000000000000000000000        170192477882     
0010001300116U 140000000000000000000000000000000000000000000000000000000000000000000000000000000000000000000000000000000000000000000000000107202500000000            000000000000000                              000                           
0010001300117T 1401897X0000000092096 24778822500000862   70000000000008620407202500000000001746700101513X000000862                0900000000000000000000000000000000000000000000000000000   000000000000000000000000000        170192477882     
0010001300118U 140000000000000000000000000000000000000000000000000000000000000000000000000000000000000000000000000000000000000000000000000107202500000000            000000000000000                              000                           
0010001300119T 1401897X0000000092096 24778822500000896   700000000000089604072025000000000015946001003190000000896                0900000000000000000000000000000000000000000000000000000   000000000000000000000000000        170192477882     
0010001300120U 140000000000000000000000000000000000000000000000000000000000000000000000000000000000000000000000000000000000000000000000000107202500000000            000000000000000                              000                           
0010001300121T 1401897X0000000092096 24778822500001189   700000000000118904072025000000000026125001003190000001189                0900000000000000000000000000000000000000000000000000000   000000000000000000000000000        170192477882     
0010001300122U 140000000000000000000000000000000000000000000000000000000000000000000000000000000000000000000000000000000000000000000000000107202500000000            000000000000000                              000                           
0010001300123T 1401897X0000000092096 24778822500001245   700000000000124504072025000000000024885001003190000001245                0900000000000000000000000000000000000000000000000000000   000000000000000000000000000        170192477882     
0010001300124U 140000000000000000000000000000000000000000000000000000000000000000000000000000000000000000000000000000000000000000000000000107202500000000            000000000000000                              000                           
0010001300125T 1401897X0000000092096 24778822500001663   700000000000166304072025000000000024397001003190000001663                0900000000000000000000000000000000000000000000000000000   000000000000000000000000000        170192477882     
0010001300126U 140000000000000000000000000000000000000000000000000000000000000000000000000000000000000000000000000000000000000000000000000107202500000000            000000000000000                              000                           
0010001300127T 1401897X0000000092096 24778822500001699   700000000000169904072025000000000023975001003190000001699                0900000000000000000000000000000000000000000000000000000   000000000000000000000000000        170192477882     
0010001300128U 140000000000000000000000000000000000000000000000000000000000000000000000000000000000000000000000000000000000000000000000000107202500000000            000000000000000                              000                           
0010001300129T 1401897X0000000092096 24778822500001702   700000000000170204072025000000000023944001004154000001702                0900000000000000000000000000000000000000000000000000000   000000000000000000000000000        170192477882     
0010001300130U 140000000000000000000000000000000000000000000000000000000000000000000000000000000000000000000000000000000000000000000000000107202500000000            000000000000000                              000                           
0010001300131T 1401897X0000000092096 24778822500001852   70000000000018520407202500000000002195700100216X000001852                0900000000000000000000000000000000000000000000000000000   000000000000000000000000000        170192477882     
0010001300132U 140000000000000000000000000000000000000000000000000000000000000000000000000000000000000000000000000000000000000000000000000107202500000000            000000000000000                              000                           
0010001300133T 1401897X0000000092096 24778822500001954   70000000000019540407202500000000002049400100216X000001954                0900000000000000000000000000000000000000000000000000000   000000000000000000000000000        170192477882     
0010001300134U 140000000000000000000000000000000000000000000000000000000000000000000000000000000000000000000000000000000000000000000000000107202500000000            000000000000000                              000                           
0010001300135T 1401897X0000000092096 24778822500002138   700000000000213804072025000000000022623001004596000002138                0900000000000000000000000000000000000000000000000000000   000000000000000000000000000        170192477882     
0010001300136U 140000000000000000000000000000000000000000000000000000000000000000000000000000000000000000000000000000000000000000000000000107202500000000            000000000000000                              000                           
0010001300137T 1401897X0000000092096 24778822500002302   700000000000230204072025000000000021400001003190000002302                0900000000000000000000000000000000000000000000000000000   000000000000000000000000000        170192477882     
0010001300138U 140000000000000000000000000000000000000000000000000000000000000000000000000000000000000000000000000000000000000000000000000107202500000000            000000000000000                              000                           
0010001300139T 1401897X0000000092096 24778822500002488   70000000000024880407202500000000002342300100216X000002488                0900000000000000000000000000000000000000000000000000000   000000000000000000000000000        170192477882     
0010001300140U 140000000000000000000000000000000000000000000000000000000000000000000000000000000000000000000000000000000000000000000000000107202500000000            000000000000000                              000                           
0010001300141T 1401897X0000000092096 24778822500002618   700000000000261804072025000000000021883001003190000002618                0900000000000000000000000000000000000000000000000000000   000000000000000000000000000        170192477882     
0010001300142U 140000000000000000000000000000000000000000000000000000000000000000000000000000000000000000000000000000000000000000000000000107202500000000            000000000000000                              000                           
0010001300143T 1401897X0000000092096 24778822500002738   70000000000027380407202500000000002049200100216X000002738                0900000000000000000000000000000000000000000000000000000   000000000000000000000000000        170192477882     
0010001300144U 140000000000000000000000000000000000000000000000000000000000000000000000000000000000000000000000000000000000000000000000000107202500000000            000000000000000                              000                           
0010001300145T 1401897X0000000092096 24778822500004078   700000000000407804072025000000000184861001007994000004078                0900000000000000000000000000000000000000000000000000000   000000000000000000000000000        170192477882     
0010001300146U 140000000000000000000000000000000000000000000000000000000000000000000000000000000000000000000000000000000000000000000000000107202500000000            000000000000000                              000                           
0010001300147T 1401897X0000000092096 24778822500004085   700000000000408504072025000000000184228001026565000004085                0900000000000000000000000000000000000000000000000000000   000000000000000000000000000        170192477882     
0010001300148U 140000000000000000000000000000000000000000000000000000000000000000000000000000000000000000000000000000000000000000000000000107202500000000            000000000000000                              000                           
0010001300149T 1401897X0000000092096 24778822500004386   700000000000438611072025000000000124775001004561000004386                0900000000000000000000000000000000000000000000000000000   000000000000000000000000000        170192477882     
0010001300150U 140000000000000000000000000000000000000000000000000000000000000000000000000000000000000000000000000000000000000000000000000107202500000000            000000000000000                              000                           
0010001300151T 1401897X0000000092096 24778822500004477   700000000000447704072025000000000113124001024171000004477                0900000000000000000000000000000000000000000000000000000   000000000000000000000000000        170192477882     
0010001300152U 140000000000000000000000000000000000000000000000000000000000000000000000000000000000000000000000000000000000000000000000000107202500000000            000000000000000                              000                           
0010001300153T 1401897X0000000092096 24778822500005352   70000000000053520407202500000000006064200100216X000005352                0900000000000000000000000000000000000000000000000000000   000000000000000000000000000        170192477882     
0010001300154U 140000000000000000000000000000000000000000000000000000000000000000000000000000000000000000000000000000000000000000000000000107202500000000            000000000000000                              000                           
0010001300155T 1401897X0000000092096 24778822500005905   700000000000590504072025000000000043907001041467000005905                0900000000000000000000000000000000000000000000000000000   000000000000000000000000000        170192477882     
0010001300156U 140000000000000000000000000000000000000000000000000000000000000000000000000000000000000000000000000000000000000000000000000107202500000000            000000000000000                              000                           
0010001300157T 1401897X0000000092096 24778822500006850   70000000000068500407202500000000003136700100216X000006850                0900000000000000000000000000000000000000000000000000000   000000000000000000000000000        170192477882     
0010001300158U 140000000000000000000000000000000000000000000000000000000000000000000000000000000000000000000000000000000000000000000000000107202500000000            000000000000000                              000                           
0010001300159T 1401897X0000000092096 24778822500007963   700000000000796304072025000000000020614001004596000007963                0900000000000000000000000000000000000000000000000000000   000000000000000000000000000        170192477882     
0010001300160U 140000000000000000000000000000000000000000000000000000000000000000000000000000000000000000000000000000000000000000000000000107202500000000            000000000000000                              000                           
0010001300161T 1401897X0000000092096 24778822500007977   700000000000797704072025000000000020547001003190000007977                0900000000000000000000000000000000000000000000000000000   000000000000000000000000000        170192477882     
0010001300162U 140000000000000000000000000000000000000000000000000000000000000000000000000000000000000000000000000000000000000000000000000107202500000000            000000000000000                              000                           
00100015         000164006786000000018504631970000000000000000000000000000000000000000000000000000000000000000000000000000000000000000000000000000                                                                                              
00199999         000001000166000000                                                                                                                                                            00000000000000000000000000000                    
