00100000         2115139610001160024778820014       01897X0000000092096 FUNDACAO AGENCIA DAS BACIAS HIBANCO DO BRASIL                         20109202502170200620503000000829973081PROCESSAMEN                                                 
00100011T0100020 20115139610001160024778820014       01897X0000000092096 FUNDACAO AGENCIA DAS BACIAS HI                                                                                000000000109202500000000  000000000                      
0010001300001T 0201897X0000000092096 24778829000008841   7000008841      30092025000000000381012001009946000008841                0900000000000010500000000000000000000000000000000000000   0000000000000000000000519A9A4      170192477882     
0010001300002U 020000000000000000000000000000000000000000000000000000000000000000000000000000000000000000000000000000000000000000000000000109202500000000            000000000000000                              000                           
0010001300003T 0201897X0000000092096 24778829000008842   7000008842      30092025000000000113818001066583000008842                0900000000000010500000000000000000000000000000000000000   0000000000000000000000519A9A4      170192477882     
0010001300004U 020000000000000000000000000000000000000000000000000000000000000000000000000000000000000000000000000000000000000000000000000109202500000000            000000000000000                              000                           
0010001300005T 0201897X0000000092096 24778829000008843   7000008843      30092025000000000042884001066583000008843                0900000000000010500000000000000000000000000000000000000   0000000000000000000000519A9A4      170192477882     
0010001300006U 020000000000000000000000000000000000000000000000000000000000000000000000000000000000000000000000000000000000000000000000000109202500000000            000000000000000                              000                           
0010001300007T 0201897X0000000092096 24778829000008844   7000008844      30092025000000000061603001009946000008844                0900000000000010500000000000000000000000000000000000000   0000000000000000000000519A9A4      170192477882     
0010001300008U 020000000000000000000000000000000000000000000000000000000000000000000000000000000000000000000000000000000000000000000000000109202500000000            000000000000000                              000                           
0010001300009T 0201897X0000000092096 24778829000008845   7000008845      05092025000000002034195001022004000008845                0900000000000010500000000000000000000000000000000000000   0000000000000000000000519A9A4      170192477882     
0010001300010U 020000000000000000000000000000000000000000000000000000000000000000000000000000000000000000000000000000000000000000000000000109202500000000            000000000000000                              000                           
0010001300011T 0201897X0000000092096 24778829000008846   7000008846      30092025000000000042009001004596000008846                0900000000000010500000000000000000000000000000000000000   0000000000000000000000519A9A4      170192477882     
0010001300012U 020000000000000000000000000000000000000000000000000000000000000000000000000000000000000000000000000000000000000000000000000109202500000000            000000000000000                              000                           
0010001300013T 0201897X0000000092096 24778829000008847   7000008847      30092025000000000045841001004596000008847                0900000000000010500000000000000000000000000000000000000   0000000000000000000000519A9A4      170192477882     
0010001300014U 020000000000000000000000000000000000000000000000000000000000000000000000000000000000000000000000000000000000000000000000000109202500000000            000000000000000                              000                           
0010001300015T 0201897X0000000092096 24778829000008848   7000008848      30092025000000000132910001004596000008848                0900000000000010500000000000000000000000000000000000000   0000000000000000000000519A9A4      170192477882     
0010001300016U 020000000000000000000000000000000000000000000000000000000000000000000000000000000000000000000000000000000000000000000000000109202500000000            000000000000000                              000                           
0010001300017T 0601897X0000000092096 24778822500001737   700000000000173729082025000000000023421001003190000001737                0900000000000010060000000000000000000000000000000000000   000000000000000000000000033        170192477882     
0010001300018U 060000000000004910000000000000000000000000000000000000000000000000000000239120000000000239120000000000000000000000000000000109202502092025            000000000000000                              000                           
0010001300019T 0601897X0000000092096 24778822500002486   700000000000248630092025000000000023430237033710000002486                0900000000000010100000000000000000000000000000000000000   000000000000000000000000004        170192477882     
0010001300020U 060000000000000000000000000000000000000000000000000000000000000000000000234300000000000234300000000000000000000000000000000109202502092025            000000000000000                              000                           
0010001300021T 0601897X0000000092096 24778822500002516   700000000000251630092025000000000023363341009100000002516                0900000000000010100000000000000000000000000000000000000   000000000000000000000000004        170192477882     
0010001300022U 060000000000000000000000000000000000000000000000000000000000000000000000233630000000000233630000000000000000000000000000000109202502092025            000000000000000                              000                           
0010001300023T 0601897X0000000092096 24778822500003045   700000000000304529082025000000000021470237004030000003045                0900000000000010100000000000000000000000000000000000000   000000000000000000000000004        170192477882     
0010001300024U 060000000000004500000000000000000000000000000000000000000000000000000000219200000000000219200000000000000000000000000000000109202502092025            000000000000000                              000                           
0010001300025T 0601897X0000000092096 24778822500004318   700000000000431829082025000000000138019341074680000004318                0900000000000010100000000000000000000000000000000000000   000000000000000000000000004        170192477882     
0010001300026U 060000000000028980000000000000000000000000000000000000000000000000000001409170000000001409170000000000000000000000000000000109202502092025            000000000000000                              000                           
0010001300027T 0601897X0000000092096 24778822500006089   700000000000608929082025000000000041406001045659000006089                0900000000000010060000000000000000000000000000000000000   000000000000000000000000033        170192477882     
0010001300028U 060000000000008690000000000000000000000000000000000000000000000000000000422750000000000422750000000000000000000000000000000109202502092025            000000000000000                              000                           
0010001300029T 0601897X0000000092096 24778822500006754   700000000000675429082025000000000032318341000280000006754                0900000000000010100000000000000000000000000000000000000   000000000000000000000000004        170192477882     
0010001300030U 060000000000006780000000000000000000000000000000000000000000000000000000329960000000000329960000000000000000000000000000000109202502092025            000000000000000                              000                           
0010001300031T 0601897X0000000092096 24778822500007881   700000000000788129082025000000000020912237003140000007881                0900000000000010100000000000000000000000000000000000000   000000000000000000000000004        170192477882     
0010001300032U 060000000000004380000000000000000000000000000000000000000000000000000000213500000000000213500000000000000000000000000000000109202502092025            000000000000000                              000                           
0010001300033T 0601897X0000000092096 24778822500007973   700000000000797330092025000000000020562341009100000007973                0900000000000010100000000000000000000000000000000000000   000000000000000000000000004        170192477882     
0010001300034U 060000000000000000000000000000000000000000000000000000000000000000000000205620000000000205620000000000000000000000000000000109202502092025            000000000000000                              000                           
0010001300035T 0901897X0000000092096 24778822500003442   700000000000344231072025000000001971120001022004000003442                0900000000000000000000000000000000000000000000000000000   000000000000000000000039010        170192477882     
0010001300036U 090000000000000000000000000000000000000000000000000000000000000000000000000000000000000000000000000000000000000000000000000109202500000000            000000000000000                              000                           
0010001300037T 0901897X0000000092096 24778822500006488   700000000000648829082025000000000034485001009946000006488                0900000000000000000000000000000000000000000000000000000   000000000000000000000039010        170192477882     
0010001300038U 090000000000000000000000000000000000000000000000000000000000000000000000000000000000000000000000000000000000000000000000000109202500000000            000000000000000                              000                           
0010001300039T 0901897X0000000092096 24778829000008836   7000008836      30092025000000000345485001009946000008836                0900000000000000000000000000000000000000000000000000000   000000000000000000000039010        170192477882     
0010001300040U 090000000000000000000000000000000000000000000000000000000000000000000000000000000000000000000000000000000000000000000000000109202500000000            000000000000000                              000                           
0010001300041T 1401897X0000000092096 24778829000008840   7000008840      19122025000000000020998001003409000008840                0900000000000000000000000000000000000000000000000000000   000000000000000000000000000        170192477882     
0010001300042U 140000000000000000000000000000000000000000000000000000000000000000000000000000000000000000000000000000000000000000000000000109202500000000            000000000000000                              000                           
00100015         000044003902000000011699801970000000000000000000000000000000000000000000000000000000000000000000000000000000000000000000000000000                                                                                              
00199999         000001000046000000                                                                                                                                                            00000000000000000000000000000                    
