00100000         2115139610001160024778820014       01897X0000000092096 FUNDACAO AGENCIA DAS BACIAS HIBANCO DO BRASIL                         20509202502061500621303000000829973081PROCESSAMEN                                                 
00100011T0100020 20115139610001160024778820014       01897X0000000092096 FUNDACAO AGENCIA DAS BACIAS HI                                                                                000000000509202500000000  000000000                      
0010001300001T 0201897X0000000092096 24778829000008861   7000008861      30092025000000000040367001014753000008861                0900000000000010500000000000000000000000000000000000000   0000000000000000000000519A9A4      170192477882     
0010001300002U 020000000000000000000000000000000000000000000000000000000000000000000000000000000000000000000000000000000000000000000000000509202500000000            000000000000000                              000                           
0010001300003T 0201897X0000000092096 24778829000008862   7000008862      3009202500000000003322900100216X000008862                0900000000000010500000000000000000000000000000000000000   0000000000000000000000519A9A4      170192477882     
0010001300004U 020000000000000000000000000000000000000000000000000000000000000000000000000000000000000000000000000000000000000000000000000509202500000000            000000000000000                              000                           
0010001300005T 0201897X0000000092096 24778829000008863   7000008863      30092025000000000033363001003190000008863                0900000000000010500000000000000000000000000000000000000   0000000000000000000000519A9A4      170192477882     
0010001300006U 020000000000000000000000000000000000000000000000000000000000000000000000000000000000000000000000000000000000000000000000000509202500000000            000000000000000                              000                           
0010001300007T 0201897X0000000092096 24778829000008864   7000008864      30092025000000000198251001009903000008864                0900000000000010500000000000000000000000000000000000000   0000000000000000000000519A9A4      170192477882     
0010001300008U 020000000000000000000000000000000000000000000000000000000000000000000000000000000000000000000000000000000000000000000000000509202500000000            000000000000000                              000                           
0010001300009T 0201897X0000000092096 24778829000008866   7000008866      30092025000000000109316001003018000008866                0900000000000010500000000000000000000000000000000000000   0000000000000000000000519A9A4      170192477882     
0010001300010U 020000000000000000000000000000000000000000000000000000000000000000000000000000000000000000000000000000000000000000000000000509202500000000            000000000000000                              000                           
0010001300011T 0601897X0000000092096 24778822500003409   700000000000340930092025000000002434213033002850000003409                0900000000000010100000000000000000000000000000000000000   000000000000000000000000004        170192477882     
0010001300012U 060000000000000000000000000000000000000000000000000000000000000000000024342130000000024342130000000000000000000000000000000509202508092025            000000000000000                              000                           
0010001300013T 0601897X0000000092096 24778822500003815   700000000000381530092025000000000284174033002850000003815                0900000000000010100000000000000000000000000000000000000   000000000000000000000000004        170192477882     
0010001300014U 060000000000000000000000000000000000000000000000000000000000000000000002841740000000002841740000000000000000000000000000000509202508092025            000000000000000                              000                           
0010001300015T 0601897X0000000092096 24778822500004641   700000000000464130092025000000000096527341025180000004641                0900000000000010100000000000000000000000000000000000000   000000000000000000000000004        170192477882     
0010001300016U 060000000000000000000000000000000000000000000000000000000000000000000000965270000000000965270000000000000000000000000000000509202508092025            000000000000000                              000                           
0010001300017T 0601897X0000000092096 24778822500005880   700000000000588030092025000000000044983341014030000005880                0900000000000010100000000000000000000000000000000000000   000000000000000000000000004        170192477882     
0010001300018U 060000000000000000000000000000000000000000000000000000000000000000000000449830000000000449830000000000000000000000000000000509202508092025            000000000000000                              000                           
0010001300019T 0601897X0000000092096 24778822500006257   700000000000625705092025000000000037757341000090000006257                0900000000000010100000000000000000000000000000000000000   000000000000000000000000004        170192477882     
0010001300020U 060000000000000000000000000000000000000000000000000000000000000000000000377570000000000377570000000000000000000000000000000509202508092025            000000000000000                              000                           
0010001300021T 0601897X0000000092096 24778829000008780   7000008780      30092025000000000832160755013060000008780                0900000000000010100000000000000000000000000000000000000   000000000000000000000000004        170192477882     
0010001300022U 060000000000000000000000000000000000000000000000000000000000000000000008321600000000008321600000000000000000000000000000000509202508092025            000000000000000                              000                           
0010001300023T 0601897X0000000092096 24778829000008845   7000008845      05092025000000002034195001045276000008845                0900000000000010040000000000000000000000000000000000000   000000000000000000000000034        170192477882     
0010001300024U 060000000000000000000000000000000000000000000000000000000000000000000020341950000000020341950000000000000000000000000000000509202508092025            000000000000000                              000                           
0010001300025T 0601897X0000000092096 24778829000008855   7000008855      30092025000000000123378001030813000008855                0900000000000010040000000000000000000000000000000000000   000000000000000000000000034        170192477882     
0010001300026U 060000000000000000000000000000000000000000000000000000000000000000000001233780000000001233780000000000000000000000000000000509202508092025            000000000000000                              000                           
0010001300027T 0901897X0000000092096 24778822500002180   700000000000218029082025000000000021958001045888000002180                0900000000000000000000000000000000000000000000000000000   000000000000000000000039010        170192477882     
0010001300028U 090000000000000000000000000000000000000000000000000000000000000000000000000000000000000000000000000000000000000000000000000509202500000000            000000000000000                              000                           
0010001300029T 0901897X0000000092096 24778822500002181   700000000000218130092025000000000021958001045888000002181                0900000000000000000000000000000000000000000000000000000   000000000000000000000039010        170192477882     
0010001300030U 090000000000000000000000000000000000000000000000000000000000000000000000000000000000000000000000000000000000000000000000000509202500000000            000000000000000                              000                           
00100015         000032003482000000011452883090000000000000000000000000000000000000000000000000000000000000000000000000000000000000000000000000000                                                                                              
00199999         000001000034000000                                                                                                                                                            00000000000000000000000000000                    
