00100000         2115139610001160024778820014       01897X0000000092096 FUNDACAO AGENCIA DAS BACIAS HIBANCO DO BRASIL                         21003202502242000597703000000829973081PROCESSAMEN                                                 
00100011T0100020 20115139610001160024778820014       01897X0000000092096 FUNDACAO AGENCIA DAS BACIAS HI                                                                                000000001003202500000000  000000000                      
0010001300001T 0601897X0000000092096 24778829000008486   7000008486      28022025000000000025870341000140000008486                0900000000000010100000000000000000000000000000000000000   000000000000000000000000004        170192477882     
0010001300002U 060000000000006030000000000000000000000000000000000000000000000000000000264730000000000264730000000000000000000000000000001003202511032025            000000000000000                              000                           
00100015         000004000036000000000480014590000000000000000000000000000000000000000000000000000000000000000000000000000000000000000000000000000                                                                                              
00199999         000001000006000000                                                                                                                                                            00000000000000000000000000000                    
