00100000         2115139610001160024778820014       01897X0000000092096 FUNDACAO AGENCIA DAS BACIAS HIBANCO DO BRASIL                         20503202502195100597203000000829973081PROCESSAMEN                                                 
00100011T0100020 20115139610001160024778820014       01897X0000000092096 FUNDACAO AGENCIA DAS BACIAS HI                                                                                000000000503202500000000  000000000                      
0010001300001T 0201897X0000000092096 24778829000008501   7000008501      3103202500000000051788100101849X000008501                0900000000000010000000000000000000000000000000000000000   0000000000000000000000519A9        170192477882     
0010001300002U 020000000000000000000000000000000000000000000000000000000000000000000000000000000000000000000000000000000000000000000000000503202500000000            000000000000000                              000                           
0010001300003T 0201897X0000000092096 24778829000008502   7000008502      31032025000000000103480001026816000008502                0900000000000010500000000000000000000000000000000000000   0000000000000000000000519A9A4      170192477882     
0010001300004U 020000000000000000000000000000000000000000000000000000000000000000000000000000000000000000000000000000000000000000000000000503202500000000            000000000000000                              000                           
0010001300005T 0201897X0000000092096 24778829000008503   7000008503      30042025000000000103480001026816000008503                0900000000000010500000000000000000000000000000000000000   0000000000000000000000519A9A4      170192477882     
0010001300006U 020000000000000000000000000000000000000000000000000000000000000000000000000000000000000000000000000000000000000000000000000503202500000000            000000000000000                              000                           
0010001300007T 0201897X0000000092096 24778829000008504   7000008504      30052025000000000103480001026816000008504                0900000000000010500000000000000000000000000000000000000   0000000000000000000000519A9A4      170192477882     
0010001300008U 020000000000000000000000000000000000000000000000000000000000000000000000000000000000000000000000000000000000000000000000000503202500000000            000000000000000                              000                           
00100015         000010000041000000000511260270000000000000000000000000000000000000000000000000000000000000000000000000000000000000000000000000000                                                                                              
00199999         000001000012000000                                                                                                                                                            00000000000000000000000000000                    
