00100000         2115139610001160024778820014       01897X0000000092096 FUNDACAO AGENCIA DAS BACIAS HIBANCO DO BRASIL                         20703202502125600597503000000829973081PROCESSAMEN                                                 
00100011T0100020 20115139610001160024778820014       01897X0000000092096 FUNDACAO AGENCIA DAS BACIAS HI                                                                                000000000703202500000000  000000000                      
0010001300001T 0601897X0000000092096 24778829000008487   7000008487      28022025000000002152314341002620000008487                0900000000000010100000000000000000000000000000000000000   000000000000000000000000004        170192477882     
0010001300002U 060000000000480630000000000000000000000000000000000000000000000000000022003810000000022003810000000000000000000000000000040703202510032025            000000000000000                              000                           
0010001300003T 0901897X0000000092096 24778829000008471   7000008471      3101202500000000020747300101849X000008471                0900000000000000000000000000000000000000000000000000000   000000000000000000000039009        170192477882     
0010001300004U 090000000000000000000000000000000000000000000000000000000000000000000000000000000000000000000000000000000000000000000000000703202500000000            000000000000000                              000                           
0010001300005T 0901897X0000000092096 24778829000008483   7000008483      31012025000000000643342001001724000008483                0900000000000000000000000000000000000000000000000000000   000000000000000000000039009        170192477882     
0010001300006U 090000000000000000000000000000000000000000000000000000000000000000000000000000000000000000000000000000000000000000000000000703202500000000            000000000000000                              000                           
0010001300007T 0901897X0000000092096 24778829000008488   7000008488      31012025000000000095569001003409000008488                0900000000000000000000000000000000000000000000000000000   000000000000000000000039009        170192477882     
0010001300008U 090000000000000000000000000000000000000000000000000000000000000000000000000000000000000000000000000000000000000000000000000703202500000000            000000000000000                              000                           
00100015         000010000037000000000480273290000000000000000000000000000000000000000000000000000000000000000000000000000000000000000000000000000                                                                                              
00199999         000001000012000000                                                                                                                                                            00000000000000000000000000000                    
