00100000         2115139610001160024778820014       01897X0000000092096 FUNDACAO AGENCIA DAS BACIAS HIBANCO DO BRASIL                         22907202502041100615703000000829973081PROCESSAMEN                                                 
00100011T0100020 20115139610001160024778820014       01897X0000000092096 FUNDACAO AGENCIA DAS BACIAS HI                                                                                000000002907202500000000  000000000                      
0010001300001T 0601897X0000000092096 24778822500000404   700000000000040430062025000000000033288237005200000000404                0900000000000010100000000000000000000000000000000000000   000000000000000000000000004        170192477882     
0010001300002U 060000000000009860000000000000000000000000000000000000000000000000000000342740000000000342740000000000000000000000000000002907202530072025            000000000000000                              000                           
0010001300003T 0601897X0000000092096 24778822500001164   700000000000116431072025000000000026424104033370000001164                0900000000000010100000000000000000000000000000000000000   000000000000000000000000004        170192477882     
0010001300004U 060000000000000000000000000000000000000000000000000000000000000000000000264240000000000264240000000000000000000000000000002907202530072025            000000000000000                              000                           
0010001300005T 0601897X0000000092096 24778822500001244   700000000000124431072025000000000024886033043780000001244                0900000000000010100000000000000000000000000000000000000   000000000000000000000000004        170192477882     
0010001300006U 060000000000000000000000000000000000000000000000000000000000000000000000248860000000000248860000000000000000000000000000002907202530072025            000000000000000                              000                           
0010001300007T 0601897X0000000092096 24778822500001254   700000000000125431072025000000000024725033000740000001254                0900000000000010100000000000000000000000000000000000000   000000000000000000000000004        170192477882     
0010001300008U 060000000000000000000000000000000000000000000000000000000000000000000000247250000000000247250000000000000000000000000000002907202530072025            000000000000000                              000                           
0010001300009T 0601897X0000000092096 24778822500001278   700000000000127831072025000000000024088237004530000001278                0900000000000010100000000000000000000000000000000000000   000000000000000000000000004        170192477882     
0010001300010U 060000000000000000000000000000000000000000000000000000000000000000000000240880000000000240880000000000000000000000000000002907202530072025            000000000000000                              000                           
0010001300011T 0601897X0000000092096 24778822500001456   700000000000145631072025000000000021237341000280000001456                0900000000000010100000000000000000000000000000000000000   000000000000000000000000004        170192477882     
0010001300012U 060000000000000000000000000000000000000000000000000000000000000000000000212370000000000212370000000000000000000000000000002907202530072025            000000000000000                              000                           
0010001300013T 0601897X0000000092096 24778822500001547   700000000000154731072025000000000025993341006800000001547                0900000000000010100000000000000000000000000000000000000   000000000000000000000000004        170192477882     
0010001300014U 060000000000000000000000000000000000000000000000000000000000000000000000259930000000000259930000000000000000000000000000002907202530072025            000000000000000                              000                           
0010001300015T 0601897X0000000092096 24778822500001718   700000000000171831072025000000000023777033005450000001718                0900000000000010100000000000000000000000000000000000000   000000000000000000000000004        170192477882     
0010001300016U 060000000000000000000000000000000000000000000000000000000000000000000000237770000000000237770000000000000000000000000000002907202530072025            000000000000000                              000                           
0010001300017T 0601897X0000000092096 24778822500001784   700000000000178431072025000000000023031033042040000001784                0900000000000010100000000000000000000000000000000000000   000000000000000000000000004        170192477882     
0010001300018U 060000000000000000000000000000000000000000000000000000000000000000000000230310000000000230310000000000000000000000000000002907202530072025            000000000000000                              000                           
0010001300019T 0601897X0000000092096 24778822500001862   700000000000186231072025000000000021958341030710000001862                0900000000000010100000000000000000000000000000000000000   000000000000000000000000004        170192477882     
0010001300020U 060000000000000000000000000000000000000000000000000000000000000000000000219580000000000219580000000000000000000000000000002907202530072025            000000000000000                              000                           
0010001300021T 0601897X0000000092096 24778822500001922   700000000000192231072025000000000021226341015360000001922                0900000000000010100000000000000000000000000000000000000   000000000000000000000000004        170192477882     
0010001300022U 060000000000000000000000000000000000000000000000000000000000000000000000212260000000000212260000000000000000000000000000002907202530072025            000000000000000                              000                           
0010001300023T 0601897X0000000092096 24778822500001982   700000000000198231072025000000000020064341000550000001982                0900000000000010100000000000000000000000000000000000000   000000000000000000000000004        170192477882     
0010001300024U 060000000000000000000000000000000000000000000000000000000000000000000000200640000000000200640000000000000000000000000000002907202530072025            000000000000000                              000                           
0010001300025T 0601897X0000000092096 24778822500002111   700000000000211131072025000000000023055237001870000002111                0900000000000010100000000000000000000000000000000000000   000000000000000000000000004        170192477882     
0010001300026U 060000000000000000000000000000000000000000000000000000000000000000000000230550000000000230550000000000000000000000000000002907202530072025            000000000000000                              000                           
0010001300027T 0601897X0000000092096 24778822500002119   700000000000211931072025000000000022945237005200000002119                0900000000000010100000000000000000000000000000000000000   000000000000000000000000004        170192477882     
0010001300028U 060000000000000000000000000000000000000000000000000000000000000000000000229450000000000229450000000000000000000000000000002907202530072025            000000000000000                              000                           
0010001300029T 0601897X0000000092096 24778822500002211   700000000000221131072025000000000021958341004190000002211                0900000000000010100000000000000000000000000000000000000   000000000000000000000000004        170192477882     
0010001300030U 060000000000000000000000000000000000000000000000000000000000000000000000219580000000000219580000000000000000000000000000002907202530072025            000000000000000                              000                           
0010001300031T 0601897X0000000092096 24778822500002614   700000000000261431072025000000000021933237033890000002614                0900000000000010100000000000000000000000000000000000000   000000000000000000000000004        170192477882     
0010001300032U 060000000000000000000000000000000000000000000000000000000000000000000000219330000000000219330000000000000000000000000000002907202530072025            000000000000000                              000                           
0010001300033T 0601897X0000000092096 24778822500002724   700000000000272431072025000000000020494033000100000002724                0900000000000010100000000000000000000000000000000000000   000000000000000000000000004        170192477882     
0010001300034U 060000000000000000000000000000000000000000000000000000000000000000000000204940000000000204940000000000000000000000000000002907202530072025            000000000000000                              000                           
0010001300035T 0601897X0000000092096 24778822500002759   70000000000027593107202500000000002043700101897X000002759                0900000000000010090000000000000000000000000000000000000   000000000000000000000000006        170192477882     
0010001300036U 060000000000000000000000000000000000000000000000000000000000000000000000204370000000000204370000000000000000000000000000002907202530072025            000000000000000                              000                           
0010001300037T 0601897X0000000092096 24778822500003323   700000000000332331072025000000005419538001006998000003323                0900000000000010040000000000000000000000000000000000000   000000000000000000000000034        170192477882     
0010001300038U 060000000000000000000000000000000000000000000000000000000000000000000054195380000000054195380000000000000000000000000000002907202530072025            000000000000000                              000                           
0010001300039T 0601897X0000000092096 24778822500003939   700000000000393931072025000000000224176237003060000003939                0900000000000010100000000000000000000000000000000000000   000000000000000000000000004        170192477882     
0010001300040U 060000000000000000000000000000000000000000000000000000000000000000000002241760000000002241760000000000000000000000000000002907202530072025            000000000000000                              000                           
0010001300041T 0601897X0000000092096 24778822500003974   700000000000397431072025000000000219665341007310000003974                0900000000000010100000000000000000000000000000000000000   000000000000000000000000004        170192477882     
0010001300042U 060000000000000000000000000000000000000000000000000000000000000000000002196650000000002196650000000000000000000000000000002907202530072025            000000000000000                              000                           
0010001300043T 0601897X0000000092096 24778822500004352   700000000000435231072025000000000125471748052180000004352                0900000000000010100000000000000000000000000000000000000   000000000000000000000000004        170192477882     
0010001300044U 060000000000000000000000000000000000000000000000000000000000000000000001254710000000001254710000000000000000000000000000002907202530072025            000000000000000                              000                           
0010001300045T 0601897X0000000092096 24778822500004353   700000000000435329082025000000000125471748052180000004353                0900000000000010100000000000000000000000000000000000000   000000000000000000000000004        170192477882     
0010001300046U 060000000000000000000000000000000000000000000000000000000000000000000001254710000000001254710000000000000000000000000000002907202530072025            000000000000000                              000                           
0010001300047T 0601897X0000000092096 24778822500004541   700000000000454131072025000000000104648341048360000004541                0900000000000010100000000000000000000000000000000000000   000000000000000000000000004        170192477882     
0010001300048U 060000000000000000000000000000000000000000000000000000000000000000000001046480000000001046480000000000000000000000000000002907202530072025            000000000000000                              000                           
0010001300049T 0601897X0000000092096 24778822500004660   700000000000466031072025000000000095399341040050000004660                0900000000000010100000000000000000000000000000000000000   000000000000000000000000004        170192477882     
0010001300050U 060000000000000000000000000000000000000000000000000000000000000000000000953990000000000953990000000000000000000000000000002907202530072025            000000000000000                              000                           
0010001300051T 0601897X0000000092096 24778822500004821   70000000000048213107202500000000008447100101897X000004821                0900000000000010090000000000000000000000000000000000000   000000000000000000000000006        170192477882     
0010001300052U 060000000000000000000000000000000000000000000000000000000000000000000000844710000000000844710000000000000000000000000000002907202530072025            000000000000000                              000                           
0010001300053T 0601897X0000000092096 24778822500004877   700000000000487731072025000000000081556033004970000004877                0900000000000010100000000000000000000000000000000000000   000000000000000000000000004        170192477882     
0010001300054U 060000000000000000000000000000000000000000000000000000000000000000000000815560000000000815560000000000000000000000000000002907202530072025            000000000000000                              000                           
0010001300055T 0601897X0000000092096 24778822500005143   700000000000514331072025000000000066918341031000000005143                0900000000000010100000000000000000000000000000000000000   000000000000000000000000004        170192477882     
0010001300056U 060000000000000000000000000000000000000000000000000000000000000000000000669180000000000669180000000000000000000000000000002907202530072025            000000000000000                              000                           
0010001300057T 0601897X0000000092096 24778822500005269   700000000000526931072025000000000062736237009270000005269                0900000000000010100000000000000000000000000000000000000   000000000000000000000000004        170192477882     
0010001300058U 060000000000000000000000000000000000000000000000000000000000000000000000627360000000000627360000000000000000000000000000002907202530072025            000000000000000                              000                           
0010001300059T 0601897X0000000092096 24778822500005318   700000000000531831072025000000000061481341000280000005318                0900000000000010100000000000000000000000000000000000000   000000000000000000000000004        170192477882     
0010001300060U 060000000000000000000000000000000000000000000000000000000000000000000000614810000000000614810000000000000000000000000000002907202530072025            000000000000000                              000                           
0010001300061T 0601897X0000000092096 24778822500005346   700000000000534631072025000000000061063104003150000005346                0900000000000010100000000000000000000000000000000000000   000000000000000000000000004        170192477882     
0010001300062U 060000000000000000000000000000000000000000000000000000000000000000000000610630000000000610630000000000000000000000000000002907202530072025            000000000000000                              000                           
0010001300063T 0601897X0000000092096 24778822500005479   700000000000547931072025000000000056884341029640000005479                0900000000000010100000000000000000000000000000000000000   000000000000000000000000004        170192477882     
0010001300064U 060000000000000000000000000000000000000000000000000000000000000000000000568840000000000568840000000000000000000000000000002907202530072025            000000000000000                              000                           
0010001300065T 0601897X0000000092096 24778822500005843   700000000000584331072025000000000045311341064580000005843                0900000000000010100000000000000000000000000000000000000   000000000000000000000000004        170192477882     
0010001300066U 060000000000000000000000000000000000000000000000000000000000000000000000453110000000000453110000000000000000000000000000002907202530072025            000000000000000                              000                           
0010001300067T 0601897X0000000092096 24778822500005892   700000000000589231072025000000000043915237003150000005892                0900000000000010100000000000000000000000000000000000000   000000000000000000000000004        170192477882     
0010001300068U 060000000000000000000000000000000000000000000000000000000000000000000000439150000000000439150000000000000000000000000000002907202530072025            000000000000000                              000                           
0010001300069T 0601897X0000000092096 24778822500006158   700000000000615831072025000000000040569341006800000006158                0900000000000010100000000000000000000000000000000000000   000000000000000000000000004        170192477882     
0010001300070U 060000000000000000000000000000000000000000000000000000000000000000000000405690000000000405690000000000000000000000000000002907202530072025            000000000000000                              000                           
0010001300071T 0601897X0000000092096 24778822500006368   700000000000636831072025000000000036506033033770000006368                0900000000000010100000000000000000000000000000000000000   000000000000000000000000004        170192477882     
0010001300072U 060000000000000000000000000000000000000000000000000000000000000000000000365060000000000365060000000000000000000000000000002907202530072025            000000000000000                              000                           
0010001300073T 0601897X0000000092096 24778822500006648   700000000000664831072025000000000033459033033160000006648                0900000000000010100000000000000000000000000000000000000   000000000000000000000000004        170192477882     
0010001300074U 060000000000000000000000000000000000000000000000000000000000000000000000334590000000000334590000000000000000000000000000002907202530072025            000000000000000                              000                           
0010001300075T 0601897X0000000092096 24778822500006760   700000000000676031072025000000000032299001008117000006760                0900000000000010040000000000000000000000000000000000000   000000000000000000000000034        170192477882     
0010001300076U 060000000000000000000000000000000000000000000000000000000000000000000000322990000000000322990000000000000000000000000000002907202530072025            000000000000000                              000                           
0010001300077T 0601897X0000000092096 24778822500007012   700000000000701231072025000000000029718237033900000007012                0900000000000010100000000000000000000000000000000000000   000000000000000000000000004        170192477882     
0010001300078U 060000000000000000000000000000000000000000000000000000000000000000000000297180000000000297180000000000000000000000000000002907202530072025            000000000000000                              000                           
0010001300079T 0601897X0000000092096 24778822500007306   700000000000730631072025000000000025483033043780000007306                0900000000000010100000000000000000000000000000000000000   000000000000000000000000004        170192477882     
0010001300080U 060000000000000000000000000000000000000000000000000000000000000000000000254830000000000254830000000000000000000000000000002907202530072025            000000000000000                              000                           
0010001300081T 0601897X0000000092096 24778822500007411   700000000000741131072025000000000025074341015630000007411                0900000000000010100000000000000000000000000000000000000   000000000000000000000000004        170192477882     
0010001300082U 060000000000000000000000000000000000000000000000000000000000000000000000250740000000000250740000000000000000000000000000002907202530072025            000000000000000                              000                           
0010001300083T 0601897X0000000092096 24778822500007628   700000000000762831072025000000000022585341005460000007628                0900000000000010100000000000000000000000000000000000000   000000000000000000000000004        170192477882     
0010001300084U 060000000000000000000000000000000000000000000000000000000000000000000000225850000000000225850000000000000000000000000000002907202530072025            000000000000000                              000                           
0010001300085T 0601897X0000000092096 24778829000008569   7000008569      31072025000000000087135341001640000008569                0900000000000010100000000000000000000000000000000000000   000000000000000000000000004        170192477882     
0010001300086U 060000000000000000000000000000000000000000000000000000000000000000000000871350000000000871350000000000000000000000000000002907202530072025            000000000000000                              000                           
0010001300087T 0601897X0000000092096 24778829000008660   7000008660      31072025000000000039583237004530000008660                0900000000000010100000000000000000000000000000000000000   000000000000000000000000004        170192477882     
0010001300088U 060000000000000000000000000000000000000000000000000000000000000000000000395830000000000395830000000000000000000000000000002907202530072025            000000000000000                              000                           
0010001300089T 0601897X0000000092096 24778829000008687   7000008687      31072025000000000080965341029760000008687                0900000000000010100000000000000000000000000000000000000   000000000000000000000000004        170192477882     
0010001300090U 060000000000000000000000000000000000000000000000000000000000000000000000809650000000000809650000000000000000000000000000002907202530072025            000000000000000                              000                           
0010001300091T 0901897X0000000092096 24778822500001252   700000000000125231072025000000000024885001003018000001252                0900000000000000000000000000000000000000000000000000000   000000000000000000000039010        170192477882     
0010001300092U 090000000000000000000000000000000000000000000000000000000000000000000000000000000000000000000000000000000000000000000000002907202500000000            000000000000000                              000                           
0010001300093T 1401897X0000000092096 24778822500000095   700000000000009531072025000000000157300001009946000000095                0900000000000000000000000000000000000000000000000000000   000000000000000000000000000        170192477882     
0010001300094U 140000000000000000000000000000000000000000000000000000000000000000000000000000000000000000000000000000000000000000000000002907202500000000            000000000000000                              000                           
0010001300095T 1401897X0000000092096 24778822500000200   70000000000002003107202500000000006506200101513X000000200                0900000000000000000000000000000000000000000000000000000   000000000000000000000000000        170192477882     
0010001300096U 140000000000000000000000000000000000000000000000000000000000000000000000000000000000000000000000000000000000000000000000002907202500000000            000000000000000                              000                           
0010001300097T 1401897X0000000092096 24778822500000205   70000000000002053107202500000000006158700101513X000000205                0900000000000000000000000000000000000000000000000000000   000000000000000000000000000        170192477882     
0010001300098U 140000000000000000000000000000000000000000000000000000000000000000000000000000000000000000000000000000000000000000000000002907202500000000            000000000000000                              000                           
0010001300099T 1401897X0000000092096 24778822500000234   70000000000002343107202500000000005270500101513X000000234                0900000000000000000000000000000000000000000000000000000   000000000000000000000000000        170192477882     
0010001300100U 140000000000000000000000000000000000000000000000000000000000000000000000000000000000000000000000000000000000000000000000002907202500000000            000000000000000                              000                           
0010001300101T 1401897X0000000092096 24778822500000249   70000000000002493107202500000000004684300101513X000000249                0900000000000000000000000000000000000000000000000000000   000000000000000000000000000        170192477882     
0010001300102U 140000000000000000000000000000000000000000000000000000000000000000000000000000000000000000000000000000000000000000000000002907202500000000            000000000000000                              000                           
0010001300103T 1401897X0000000092096 24778822500000256   70000000000002563107202500000000004391400101513X000000256                0900000000000000000000000000000000000000000000000000000   000000000000000000000000000        170192477882     
0010001300104U 140000000000000000000000000000000000000000000000000000000000000000000000000000000000000000000000000000000000000000000000002907202500000000            000000000000000                              000                           
0010001300105T 1401897X0000000092096 24778822500000262   70000000000002623107202500000000004391400101513X000000262                0900000000000000000000000000000000000000000000000000000   000000000000000000000000000        170192477882     
0010001300106U 140000000000000000000000000000000000000000000000000000000000000000000000000000000000000000000000000000000000000000000000002907202500000000            000000000000000                              000                           
0010001300107T 1401897X0000000092096 24778822500000264   70000000000002643107202500000000004376600101513X000000264                0900000000000000000000000000000000000000000000000000000   000000000000000000000000000        170192477882     
0010001300108U 140000000000000000000000000000000000000000000000000000000000000000000000000000000000000000000000000000000000000000000000002907202500000000            000000000000000                              000                           
0010001300109T 1401897X0000000092096 24778822500000288   70000000000002883107202500000000003952300101513X000000288                0900000000000000000000000000000000000000000000000000000   000000000000000000000000000        170192477882     
0010001300110U 140000000000000000000000000000000000000000000000000000000000000000000000000000000000000000000000000000000000000000000000002907202500000000            000000000000000                              000                           
0010001300111T 1401897X0000000092096 24778822500000310   700000000000031031072025000000000037595001004596000000310                0900000000000000000000000000000000000000000000000000000   000000000000000000000000000        170192477882     
0010001300112U 140000000000000000000000000000000000000000000000000000000000000000000000000000000000000000000000000000000000000000000000002907202500000000            000000000000000                              000                           
0010001300113T 1401897X0000000092096 24778822500000353   70000000000003533107202500000000003582500101513X000000353                0900000000000000000000000000000000000000000000000000000   000000000000000000000000000        170192477882     
0010001300114U 140000000000000000000000000000000000000000000000000000000000000000000000000000000000000000000000000000000000000000000000002907202500000000            000000000000000                              000                           
0010001300115T 1401897X0000000092096 24778822500000366   70000000000003663107202500000000003513200101513X000000366                0900000000000000000000000000000000000000000000000000000   000000000000000000000000000        170192477882     
0010001300116U 140000000000000000000000000000000000000000000000000000000000000000000000000000000000000000000000000000000000000000000000002907202500000000            000000000000000                              000                           
0010001300117T 1401897X0000000092096 24778822500000514   700000000000051431072025000000000029277001000566000000514                0900000000000000000000000000000000000000000000000000000   000000000000000000000000000        170192477882     
0010001300118U 140000000000000000000000000000000000000000000000000000000000000000000000000000000000000000000000000000000000000000000000002907202500000000            000000000000000                              000                           
0010001300119T 1401897X0000000092096 24778822500000629   70000000000006293107202500000000002538100101513X000000629                0900000000000000000000000000000000000000000000000000000   000000000000000000000000000        170192477882     
0010001300120U 140000000000000000000000000000000000000000000000000000000000000000000000000000000000000000000000000000000000000000000000002907202500000000            000000000000000                              000                           
0010001300121T 1401897X0000000092096 24778822500000631   700000000000063131072025000000000025381001003190000000631                0900000000000000000000000000000000000000000000000000000   000000000000000000000000000        170192477882     
0010001300122U 140000000000000000000000000000000000000000000000000000000000000000000000000000000000000000000000000000000000000000000000002907202500000000            000000000000000                              000                           
0010001300123T 1401897X0000000092096 24778822500000719   700000000000071931072025000000000022627001004596000000719                0900000000000000000000000000000000000000000000000000000   000000000000000000000000000        170192477882     
0010001300124U 140000000000000000000000000000000000000000000000000000000000000000000000000000000000000000000000000000000000000000000000002907202500000000            000000000000000                              000                           
0010001300125T 1401897X0000000092096 24778822500000721   70000000000007213107202500000000002255000101513X000000721                0900000000000000000000000000000000000000000000000000000   000000000000000000000000000        170192477882     
0010001300126U 140000000000000000000000000000000000000000000000000000000000000000000000000000000000000000000000000000000000000000000000002907202500000000            000000000000000                              000                           
0010001300127T 1401897X0000000092096 24778822500000727   70000000000007273107202500000000002238200101513X000000727                0900000000000000000000000000000000000000000000000000000   000000000000000000000000000        170192477882     
0010001300128U 140000000000000000000000000000000000000000000000000000000000000000000000000000000000000000000000000000000000000000000000002907202500000000            000000000000000                              000                           
0010001300129T 1401897X0000000092096 24778822500000729   70000000000007293107202500000000002238200101513X000000729                0900000000000000000000000000000000000000000000000000000   000000000000000000000000000        170192477882     
0010001300130U 140000000000000000000000000000000000000000000000000000000000000000000000000000000000000000000000000000000000000000000000002907202500000000            000000000000000                              000                           
0010001300131T 1401897X0000000092096 24778822500000756   70000000000007563107202500000000002177000101513X000000756                0900000000000000000000000000000000000000000000000000000   000000000000000000000000000        170192477882     
0010001300132U 140000000000000000000000000000000000000000000000000000000000000000000000000000000000000000000000000000000000000000000000002907202500000000            000000000000000                              000                           
0010001300133T 1401897X0000000092096 24778822500000806   70000000000008063107202500000000001983200101513X000000806                0900000000000000000000000000000000000000000000000000000   000000000000000000000000000        170192477882     
0010001300134U 140000000000000000000000000000000000000000000000000000000000000000000000000000000000000000000000000000000000000000000000002907202500000000            000000000000000                              000                           
0010001300135T 1401897X0000000092096 24778822500000832   70000000000008323107202500000000001903600101513X000000832                0900000000000000000000000000000000000000000000000000000   000000000000000000000000000        170192477882     
0010001300136U 140000000000000000000000000000000000000000000000000000000000000000000000000000000000000000000000000000000000000000000000002907202500000000            000000000000000                              000                           
0010001300137T 1401897X0000000092096 24778822500000835   70000000000008353107202500000000001893600101513X000000835                0900000000000000000000000000000000000000000000000000000   000000000000000000000000000        170192477882     
0010001300138U 140000000000000000000000000000000000000000000000000000000000000000000000000000000000000000000000000000000000000000000000002907202500000000            000000000000000                              000                           
0010001300139T 1401897X0000000092096 24778822500000857   70000000000008573107202500000000001757200101513X000000857                0900000000000000000000000000000000000000000000000000000   000000000000000000000000000        170192477882     
0010001300140U 140000000000000000000000000000000000000000000000000000000000000000000000000000000000000000000000000000000000000000000000002907202500000000            000000000000000                              000                           
0010001300141T 1401897X0000000092096 24778822500000910   70000000000009103107202500000000001521400101849X000000910                0900000000000000000000000000000000000000000000000000000   000000000000000000000000000        170192477882     
0010001300142U 140000000000000000000000000000000000000000000000000000000000000000000000000000000000000000000000000000000000000000000000002907202500000000            000000000000000                              000                           
0010001300143T 1401897X0000000092096 24778822500000966   70000000000009663107202500000000001242700101513X000000966                0900000000000000000000000000000000000000000000000000000   000000000000000000000000000        170192477882     
0010001300144U 140000000000000000000000000000000000000000000000000000000000000000000000000000000000000000000000000000000000000000000000002907202500000000            000000000000000                              000                           
0010001300145T 1401897X0000000092096 24778822500006059   70000000000060593007202500000000004171900100216X000006059                0900000000000000000000000000000000000000000000000000000   000000000000000000000000000        170192477882     
0010001300146U 140000000000000000000000000000000000000000000000000000000000000000000000000000000000000000000000000000000000000000000000002907202500000000            000000000000000                              000                           
00100015         000148006230000000016911620610000000000000000000000000000000000000000000000000000000000000000000000000000000000000000000000000000                                                                                              
00199999         000001000150000000                                                                                                                                                            00000000000000000000000000000                    
