00100000         2115139610001160024778820014       01897X0000000092096 FUNDACAO AGENCIA DAS BACIAS HIBANCO DO BRASIL                         20402202502020500594503000000829973081PROCESSAMEN                                                 
00100011T0100020 20115139610001160024778820014       01897X0000000092096 FUNDACAO AGENCIA DAS BACIAS HI                                                                                000000000402202500000000  000000000                      
0010001300001T 0201897X0000000092096 24778829000008495   7000008495      28022025000000000101935001003409000008495                0900000000000010000000000000000000000000000000000000000   0000000000000000000000519A9        170192477882     
0010001300002U 020000000000000000000000000000000000000000000000000000000000000000000000000000000000000000000000000000000000000000000000000402202500000000            000000000000000                              000                           
0010001300003T 0201897X0000000092096 24778829000008496   7000008496      28022025000000000092766001003409000008496                0900000000000010000000000000000000000000000000000000000   0000000000000000000000519A9        170192477882     
0010001300004U 020000000000000000000000000000000000000000000000000000000000000000000000000000000000000000000000000000000000000000000000000402202500000000            000000000000000                              000                           
0010001300005T 0901897X0000000092096 24778829000008412   7000008412      31122024000000000037933001009903000008412                0900000000000000000000000000000000000000000000000000000   000000000000000000000039009        170192477882     
0010001300006U 090000000000000000000000000000000000000000000000000000000000000000000000000000000000000000000000000000000000000000000000000402202500000000            000000000000000                              000                           
0010001300007T 0901897X0000000092096 24778829000008414   7000008414      31122024000000000160688001041467000008414                0900000000000000000000000000000000000000000000000000000   000000000000000000000039009        170192477882     
0010001300008U 090000000000000000000000000000000000000000000000000000000000000000000000000000000000000000000000000000000000000000000000000402202500000000            000000000000000                              000                           
0010001300009T 0901897X0000000092096 24778829000008416   7000008416      31122024000000000828168001003409000008416                0900000000000000000000000000000000000000000000000000000   000000000000000000000039009        170192477882     
0010001300010U 090000000000000000000000000000000000000000000000000000000000000000000000000000000000000000000000000000000000000000000000000402202500000000            000000000000000                              000                           
0010001300011T 0901897X0000000092096 24778829000008433   7000008433      3112202400000000022487200101849X000008433                0900000000000000000000000000000000000000000000000000000   000000000000000000000039009        170192477882     
0010001300012U 090000000000000000000000000000000000000000000000000000000000000000000000000000000000000000000000000000000000000000000000000402202500000000            000000000000000                              000                           
0010001300013T 0901897X0000000092096 24778829000008440   7000008440      31122024000000000015433001069833000008440                0900000000000000000000000000000000000000000000000000000   000000000000000000000039009        170192477882     
0010001300014U 090000000000000000000000000000000000000000000000000000000000000000000000000000000000000000000000000000000000000000000000000402202500000000            000000000000000                              000                           
00100015         000016000050000000000627330700000000000000000000000000000000000000000000000000000000000000000000000000000000000000000000000000000                                                                                              
00199999         000001000018000000                                                                                                                                                            00000000000000000000000000000                    
