00100000         2115139610001160024778820014       01897X0000000092096 FUNDACAO AGENCIA DAS BACIAS HIBANCO DO BRASIL                         20606202501461700608503000000829973081PROCESSAMEN                                                 
00100011T0100020 20115139610001160024778820014       01897X0000000092096 FUNDACAO AGENCIA DAS BACIAS HI                                                                                000000000606202500000000  000000000                      
0010001300001T 0601897X0000000092096 24778822500004134   700000000000413430062025000000000176848237003330000004134                0900000000000010100000000000000000000000000000000000000   000000000000000000000000004        170192477882     
0010001300002U 060000000000000000000000000000000000000000000000000000000000000000000001768480000000001768480000000000000000000000000000000606202509062025            000000000000000                              000                           
0010001300003T 0601897X0000000092096 24778822500005477   700000000000547719122025000000000057201237006360000005477                0900000000000010100000000000000000000000000000000000000   000000000000000000000000004        170192477882     
0010001300004U 060000000000000000000000000000000000000000000000000000000000000000000000572010000000000572010000000000000000000000000000000606202509062025            000000000000000                              000                           
00100015         000006008128000000022069495200000000000000000000000000000000000000000000000000000000000000000000000000000000000000000000000000000                                                                                              
00199999         000001000008000000                                                                                                                                                            00000000000000000000000000000                    
