00100000         2115139610001160024778820014       01897X0000000092096 FUNDACAO AGENCIA DAS BACIAS HIBANCO DO BRASIL                         20108202502064100616303000000829973081PROCESSAMEN                                                 
00100011T0100020 20115139610001160024778820014       01897X0000000092096 FUNDACAO AGENCIA DAS BACIAS HI                                                                                000000000108202500000000  000000000                      
0010001300001T 0201897X0000000092096 24778829000008738   7000008738      2908202500000000011880200101849X000008738                0900000000000010000000000000000000000000000000000000000   0000000000000000000000519A9        170192477882     
0010001300002U 020000000000000000000000000000000000000000000000000000000000000000000000000000000000000000000000000000000000000000000000000108202500000000            000000000000000                              000                           
0010001300003T 0601897X0000000092096 24778822500000910   700000000000091031072025000000000015214341009400000000910                0900000000000010100000000000000000000000000000000000000   000000000000000000000000004        170192477882     
0010001300004U 060000000000003090000000000000000000000000000000000000000000000000000000155230000000000155230000000000000000000000000000000108202504082025            000000000000000                              000                           
0010001300005T 0601897X0000000092096 24778822500002515   700000000000251529082025000000000023363341009100000002515                0900000000000010100000000000000000000000000000000000000   000000000000000000000000004        170192477882     
0010001300006U 060000000000000000000000000000000000000000000000000000000000000000000000233630000000000233630000000000000000000000000000000108202504082025            000000000000000                              000                           
0010001300007T 0601897X0000000092096 24778822500002799   700000000000279931072025000000000020020341056360000002799                0900000000000010100000000000000000000000000000000000000   000000000000000000000000004        170192477882     
0010001300008U 060000000000004060000000000000000000000000000000000000000000000000000000204260000000000204260000000000000000000000000000000108202504082025            000000000000000                              000                           
0010001300009T 0601897X0000000092096 24778822500002996   700000000000299631072025000000000021943348000010000002996                0900000000000010100000000000000000000000000000000000000   000000000000000000000000004        170192477882     
0010001300010U 060000000000004450000000000000000000000000000000000000000000000000000000223880000000000223880000000000000000000000000000000108202504082025            000000000000000                              000                           
0010001300011T 0601897X0000000092096 24778822500005122   700000000000512231072025000000000067844341000570000005122                0900000000000010100000000000000000000000000000000000000   000000000000000000000000004        170192477882     
0010001300012U 060000000000013780000000000000000000000000000000000000000000000000000000692220000000000692220000000000000000000000000000000108202504082025            000000000000000                              000                           
0010001300013T 0601897X0000000092096 24778822500005374   700000000000537431072025000000000060131341053960000005374                0900000000000010100000000000000000000000000000000000000   000000000000000000000000004        170192477882     
0010001300014U 060000000000012220000000000000000000000000000000000000000000000000000000613530000000000613530000000000000000000000000000000108202504082025            000000000000000                              000                           
0010001300015T 0601897X0000000092096 24778822500006256   700000000000625631072025000000000037757341000090000006256                0900000000000010100000000000000000000000000000000000000   000000000000000000000000004        170192477882     
0010001300016U 060000000000007670000000000000000000000000000000000000000000000000000000385240000000000385240000000000000000000000000000000108202504082025            000000000000000                              000                           
0010001300017T 0601897X0000000092096 24778822500007859   700000000000785931072025000000000020912104049910000007859                0900000000000010100000000000000000000000000000000000000   000000000000000000000000004        170192477882     
0010001300018U 060000000000004240000000000000000000000000000000000000000000000000000000213360000000000213360000000000000000000000000000000108202504082025            000000000000000                              000                           
0010001300019T 0601897X0000000092096 24778822500007888   700000000000788829082025000000000020912509000010000007888                0900000000000010100000000000000000000000000000000000000   000000000000000000000000004        170192477882     
0010001300020U 060000000000000000000000000000000000000000000000000000000000000000000000209120000000000209120000000000000000000000000000000108202504082025            000000000000000                              000                           
0010001300021T 0601897X0000000092096 24778822500007972   700000000000797229082025000000000020562341009100000007972                0900000000000010100000000000000000000000000000000000000   000000000000000000000000004        170192477882     
0010001300022U 060000000000000000000000000000000000000000000000000000000000000000000000205620000000000205620000000000000000000000000000000108202504082025            000000000000000                              000                           
0010001300023T 0601897X0000000092096 24778829000008731   7000008731      29082025000000000036465033000590000008731                0900000000000010100000000000000000000000000000000000000   000000000000000000000000004        170192477882     
0010001300024U 060000000000000000000000000000000000000000000000000000000000000000000000364650000000000364650000000000000000000000000000000108202504082025            000000000000000                              000                           
0010001300025T 0901897X0000000092096 24778822500001413   700000000000141330062025000000000021957001004154000001413                0900000000000000000000000000000000000000000000000000000   000000000000000000000039010        170192477882     
0010001300026U 090000000000000000000000000000000000000000000000000000000000000000000000000000000000000000000000000000000000000000000000000108202500000000            000000000000000                              000                           
0010001300027T 0901897X0000000092096 24778822500001414   700000000000141431072025000000000021957001004154000001414                0900000000000000000000000000000000000000000000000000000   000000000000000000000039010        170192477882     
0010001300028U 090000000000000000000000000000000000000000000000000000000000000000000000000000000000000000000000000000000000000000000000000108202500000000            000000000000000                              000                           
00100015         000030005468000000014901177690000000000000000000000000000000000000000000000000000000000000000000000000000000000000000000000000000                                                                                              
00199999         000001000032000000                                                                                                                                                            00000000000000000000000000000                    
