00100000         2115139610001160024778820014       01897X0000000092096 FUNDACAO AGENCIA DAS BACIAS HIBANCO DO BRASIL                         21009202502053600621903000000829973081PROCESSAMEN                                                 
00100011T0100020 20115139610001160024778820014       01897X0000000092096 FUNDACAO AGENCIA DAS BACIAS HI                                                                                000000001009202500000000  000000000                      
0010001300001T 0201897X0000000092096 24778829000008879   7000008879      16092025000000000020668001009903000008879                0900000000000010500000000000000000000000000000000000000   0000000000000000000000519A9A4      170192477882     
0010001300002U 020000000000000000000000000000000000000000000000000000000000000000000000000000000000000000000000000000000000000000000000001009202500000000            000000000000000                              000                           
0010001300003T 0201897X0000000092096 24778829000008880   7000008880      3009202500000000006580200101849X000008880                0900000000000010000000000000000000000000000000000000000   0000000000000000000000519A9        170192477882     
0010001300004U 020000000000000000000000000000000000000000000000000000000000000000000000000000000000000000000000000000000000000000000000001009202500000000            000000000000000                              000                           
0010001300005T 0201897X0000000092096 24778829000008881   7000008881      30092025000000000076205001022004000008881                0900000000000010500000000000000000000000000000000000000   0000000000000000000000519A9A4      170192477882     
0010001300006U 020000000000000000000000000000000000000000000000000000000000000000000000000000000000000000000000000000000000000000000000001009202500000000            000000000000000                              000                           
0010001300007T 0201897X0000000092096 24778829000008883   7000008883      30092025000000000065127001009296000008883                0900000000000010500000000000000000000000000000000000000   0000000000000000000000519A9A4      170192477882     
0010001300008U 020000000000000000000000000000000000000000000000000000000000000000000000000000000000000000000000000000000000000000000000001009202500000000            000000000000000                              000                           
0010001300009T 0601897X0000000092096 24778822500006013   700000000000601330092025000000000041824237013400000006013                0900000000000010100000000000000000000000000000000000000   000000000000000000000000004        170192477882     
0010001300010U 060000000000000000000000000000000000000000000000000000000000000000000000418240000000000418240000000000000000000000000000001009202511092025            000000000000000                              000                           
0010001300011T 0601897X0000000092096 24778822500006894   700000000000689429082025000000000031368033001780000006894                0900000000000010100000000000000000000000000000000000000   000000000000000000000000004        170192477882     
0010001300012U 060000000000007520000000000000000000000000000000000000000000000000000000321200000000000321200000000000000000000000000000001009202511092025            000000000000000                              000                           
0010001300013T 0601897X0000000092096 24778829000008739   7000008739      29082025000000000117182104021990000008739                0900000000000010100000000000000000000000000000000000000   000000000000000000000000004        170192477882     
0010001300014U 060000000000028110000000000000000000000000000000000000000000000000000001199930000000001199930000000000000000000000000000001009202511092025            000000000000000                              000                           
0010001300015T 0601897X0000000092096 24778829000008766   7000008766      29082025000000000019362104002780000008766                0900000000000010100000000000000000000000000000000000000   000000000000000000000000004        170192477882     
0010001300016U 060000000000004640000000000000000000000000000000000000000000000000000000198260000000000198260000000000000000000000000000001009202511092025            000000000000000                              000                           
0010001300017T 0601897X0000000092096 24778829000008790   7000008790      30092025000000000338437341076600000008790                0900000000000010100000000000000000000000000000000000000   000000000000000000000000004        170192477882     
0010001300018U 060000000000000000000000000000000000000000000000000000000000000000000003384370000000003384370000000000000000000000000000001009202511092025            000000000000000                              000                           
0010001300019T 0601897X0000000092096 24778829000008795   7000008795      30092025000000000110761341009100000008795                0900000000000010100000000000000000000000000000000000000   000000000000000000000000004        170192477882     
0010001300020U 060000000000000000000000000000000000000000000000000000000000000000000001107610000000001107610000000000000000000000000000001009202511092025            000000000000000                              000                           
0010001300021T 0901897X0000000092096 24778822500001974   700000000000197429082025000000000020145001009903000001974                0900000000000000000000000000000000000000000000000000000   000000000000000000000039010        170192477882     
0010001300022U 090000000000000000000000000000000000000000000000000000000000000000000000000000000000000000000000000000000000000000000000001009202500000000            000000000000000                              000                           
00100015         000024003475000000011449401090000000000000000000000000000000000000000000000000000000000000000000000000000000000000000000000000000                                                                                              
00199999         000001000026000000                                                                                                                                                            00000000000000000000000000000                    
