00100000         2115139610001160024778820014       01897X0000000092096 FUNDACAO AGENCIA DAS BACIAS HIBANCO DO BRASIL                         20104202502091900600303000000829973081PROCESSAMEN                                                 
00100011T0100020 20115139610001160024778820014       01897X0000000092096 FUNDACAO AGENCIA DAS BACIAS HI                                                                                000000000104202500000000  000000000                      
0010001300001T 0201897X0000000092096 24778829000008523   7000008523      30042025000000000970520001007994000008523                0900000000000010500000000000000000000000000000000000000   0000000000000000000000519A9A4      170192477882     
0010001300002U 020000000000000000000000000000000000000000000000000000000000000000000000000000000000000000000000000000000000000000000000000104202500000000            000000000000000                              000                           
0010001300003T 0201897X0000000092096 24778829000008524   7000008524      30042025000000000090088001003409000008524                0900000000000010500000000000000000000000000000000000000   0000000000000000000000519A9A4      170192477882     
0010001300004U 020000000000000000000000000000000000000000000000000000000000000000000000000000000000000000000000000000000000000000000000000104202500000000            000000000000000                              000                           
0010001300005T 0201897X0000000092096 24778829000008525   7000008525      30052025000000000090088001003409000008525                0900000000000010500000000000000000000000000000000000000   0000000000000000000000519A9A4      170192477882     
0010001300006U 020000000000000000000000000000000000000000000000000000000000000000000000000000000000000000000000000000000000000000000000000104202500000000            000000000000000                              000                           
0010001300007T 0201897X0000000092096 24778829000008526   7000008526      30062025000000000090088001003409000008526                0900000000000010500000000000000000000000000000000000000   0000000000000000000000519A9A4      170192477882     
0010001300008U 020000000000000000000000000000000000000000000000000000000000000000000000000000000000000000000000000000000000000000000000000104202500000000            000000000000000                              000                           
0010001300009T 0201897X0000000092096 24778829000008527   7000008527      31072025000000000090088001003409000008527                0900000000000010500000000000000000000000000000000000000   0000000000000000000000519A9A4      170192477882     
0010001300010U 020000000000000000000000000000000000000000000000000000000000000000000000000000000000000000000000000000000000000000000000000104202500000000            000000000000000                              000                           
0010001300011T 0201897X0000000092096 24778829000008528   7000008528      29082025000000000090088001003409000008528                0900000000000010500000000000000000000000000000000000000   0000000000000000000000519A9A4      170192477882     
0010001300012U 020000000000000000000000000000000000000000000000000000000000000000000000000000000000000000000000000000000000000000000000000104202500000000            000000000000000                              000                           
0010001300013T 0201897X0000000092096 24778829000008529   7000008529      30092025000000000090088001003409000008529                0900000000000010500000000000000000000000000000000000000   0000000000000000000000519A9A4      170192477882     
0010001300014U 020000000000000000000000000000000000000000000000000000000000000000000000000000000000000000000000000000000000000000000000000104202500000000            000000000000000                              000                           
0010001300015T 0201897X0000000092096 24778829000008530   7000008530      31102025000000000090088001003409000008530                0900000000000010500000000000000000000000000000000000000   0000000000000000000000519A9A4      170192477882     
0010001300016U 020000000000000000000000000000000000000000000000000000000000000000000000000000000000000000000000000000000000000000000000000104202500000000            000000000000000                              000                           
0010001300017T 0201897X0000000092096 24778829000008531   7000008531      28112025000000000090088001003409000008531                0900000000000010500000000000000000000000000000000000000   0000000000000000000000519A9A4      170192477882     
0010001300018U 020000000000000000000000000000000000000000000000000000000000000000000000000000000000000000000000000000000000000000000000000104202500000000            000000000000000                              000                           
0010001300019T 0201897X0000000092096 24778829000008532   7000008532      31122025000000000090088001003409000008532                0900000000000010500000000000000000000000000000000000000   0000000000000000000000519A9A4      170192477882     
0010001300020U 020000000000000000000000000000000000000000000000000000000000000000000000000000000000000000000000000000000000000000000000000104202500000000            000000000000000                              000                           
0010001300021T 0201897X0000000092096 24778829000008533   7000008533      30012026000000000090088001003409000008533                0900000000000010500000000000000000000000000000000000000   0000000000000000000000519A9A4      170192477882     
0010001300022U 020000000000000000000000000000000000000000000000000000000000000000000000000000000000000000000000000000000000000000000000000104202500000000            000000000000000                              000                           
0010001300023T 0201897X0000000092096 24778829000008534   7000008534      30042025000000000210698001003409000008534                0900000000000010000000000000000000000000000000000000000   0000000000000000000000519A9        170192477882     
0010001300024U 020000000000000000000000000000000000000000000000000000000000000000000000000000000000000000000000000000000000000000000000000104202500000000            000000000000000                              000                           
0010001300025T 0201897X0000000092096 24778829000008535   7000008535      30052025000000000210698001003409000008535                0900000000000010000000000000000000000000000000000000000   0000000000000000000000519A9        170192477882     
0010001300026U 020000000000000000000000000000000000000000000000000000000000000000000000000000000000000000000000000000000000000000000000000104202500000000            000000000000000                              000                           
0010001300027T 0201897X0000000092096 24778829000008536   7000008536      30062025000000000210698001003409000008536                0900000000000010000000000000000000000000000000000000000   0000000000000000000000519A9        170192477882     
0010001300028U 020000000000000000000000000000000000000000000000000000000000000000000000000000000000000000000000000000000000000000000000000104202500000000            000000000000000                              000                           
0010001300029T 0201897X0000000092096 24778829000008537   7000008537      31072025000000000210698001003409000008537                0900000000000010000000000000000000000000000000000000000   0000000000000000000000519A9        170192477882     
0010001300030U 020000000000000000000000000000000000000000000000000000000000000000000000000000000000000000000000000000000000000000000000000104202500000000            000000000000000                              000                           
0010001300031T 0601897X0000000092096 24778829000008516   7000008516      31032025000000001037989237001870000008516                0900000000000010100000000000000000000000000000000000000   000000000000000000000000004        170192477882     
0010001300032U 060000000000211040000000000000000000000000000000000000000000000000000010590930000000010590930000000000000000000000000000000104202502042025            000000000000000                              000                           
00100015         000034000048000000000416486220000000000000000000000000000000000000000000000000000000000000000000000000000000000000000000000000000                                                                                              
00199999         000001000036000000                                                                                                                                                            00000000000000000000000000000                    
