00100000         2115139610001160024778820014       01897X0000000092096 FUNDACAO AGENCIA DAS BACIAS HIBANCO DO BRASIL                         22108202502010100619103000000829973081PROCESSAMEN                                                 
00100011T0100020 20115139610001160024778820014       01897X0000000092096 FUNDACAO AGENCIA DAS BACIAS HI                                                                                000000002108202500000000  000000000                      
0010001300001T 0201897X0000000092096 24778829000008780   7000008780      30092025000000000832160001027669000008780                0900000000000010500000000000000000000000000000000000000   0000000000000000000000519A9A4      170192477882     
0010001300002U 020000000000000000000000000000000000000000000000000000000000000000000000000000000000000000000000000000000000000000000000002108202500000000            000000000000000                              000                           
0010001300003T 0201897X0000000092096 24778829000008781   7000008781      29082025000000000218028001007994000008781                0900000000000010500000000000000000000000000000000000000   0000000000000000000000519A9A4      170192477882     
0010001300004U 020000000000000000000000000000000000000000000000000000000000000000000000000000000000000000000000000000000000000000000000002108202500000000            000000000000000                              000                           
0010001300005T 0201897X0000000092096 24778829000008782   7000008782      30092025000000000268473001001724000008782                0900000000000010000000000000000000000000000000000000000   0000000000000000000000519A9        170192477882     
0010001300006U 020000000000000000000000000000000000000000000000000000000000000000000000000000000000000000000000000000000000000000000000002108202500000000            000000000000000                              000                           
0010001300007T 0201897X0000000092096 24778829000008783   7000008783      30092025000000000190339001021717000008783                0900000000000010000000000000000000000000000000000000000   0000000000000000000000519A9        170192477882     
0010001300008U 020000000000000000000000000000000000000000000000000000000000000000000000000000000000000000000000000000000000000000000000002108202500000000            000000000000000                              000                           
0010001300009T 0201897X0000000092096 24778829000008784   7000008784      3009202500000000060584000100216X000008784                0900000000000010500000000000000000000000000000000000000   0000000000000000000000519A9A4      170192477882     
0010001300010U 020000000000000000000000000000000000000000000000000000000000000000000000000000000000000000000000000000000000000000000000002108202500000000            000000000000000                              000                           
0010001300011T 0601897X0000000092096 24778822500001758   700000000000175829082025000000000023295341090330000001758                0900000000000010100000000000000000000000000000000000000   000000000000000000000000004        170192477882     
0010001300012U 060000000000000000000000000000000000000000000000000000000000000000000000232950000000000232950000000000000000000000000000002108202522082025            000000000000000                              000                           
0010001300013T 0601897X0000000092096 24778822500001896   700000000000189629082025000000000021567033032440000001896                0900000000000010100000000000000000000000000000000000000   000000000000000000000000004        170192477882     
0010001300014U 060000000000000000000000000000000000000000000000000000000000000000000000215670000000000215670000000000000000000000000000002108202522082025            000000000000000                              000                           
0010001300015T 0601897X0000000092096 24778822500002360   700000000000236029082025000000000020936341000190000002360                0900000000000010100000000000000000000000000000000000000   000000000000000000000000004        170192477882     
0010001300016U 060000000000000000000000000000000000000000000000000000000000000000000000209360000000000209360000000000000000000000000000002108202522082025            000000000000000                              000                           
0010001300017T 0601897X0000000092096 24778822500003231   700000000000323129082025000000000020123341004450000003231                0900000000000010100000000000000000000000000000000000000   000000000000000000000000004        170192477882     
0010001300018U 060000000000000000000000000000000000000000000000000000000000000000000000201230000000000201230000000000000000000000000000002108202522082025            000000000000000                              000                           
0010001300019T 0601897X0000000092096 24778822500006845   700000000000684529082025000000000031368237002140000006845                0900000000000010100000000000000000000000000000000000000   000000000000000000000000004        170192477882     
0010001300020U 060000000000000000000000000000000000000000000000000000000000000000000000313680000000000313680000000000000000000000000000002108202522082025            000000000000000                              000                           
00100015         000022004603000000013726691580000000000000000000000000000000000000000000000000000000000000000000000000000000000000000000000000000                                                                                              
00199999         000001000024000000                                                                                                                                                            00000000000000000000000000000                    
