00100000         2115139610001160024778820014       01897X0000000092096 FUNDACAO AGENCIA DAS BACIAS HIBANCO DO BRASIL                         20904202502064800601403000000829973081PROCESSAMEN                                                 
00100011T0100020 20115139610001160024778820014       01897X0000000092096 FUNDACAO AGENCIA DAS BACIAS HI                                                                                000000000904202500000000  000000000                      
0010001300001T 0201897X0000000092096 24778829000008539   7000008539      30042025000000000754151001007994000008539                0900000000000010000000000000000000000000000000000000000   0000000000000000000000519A9        170192477882     
0010001300002U 020000000000000000000000000000000000000000000000000000000000000000000000000000000000000000000000000000000000000000000000000904202500000000            000000000000000                              000                           
0010001300003T 0201897X0000000092096 24778829000008540   7000008540      3004202500000000014747800101849X000008540                0900000000000010000000000000000000000000000000000000000   0000000000000000000000519A9        170192477882     
0010001300004U 020000000000000000000000000000000000000000000000000000000000000000000000000000000000000000000000000000000000000000000000000904202500000000            000000000000000                              000                           
0010001300005T 0201897X0000000092096 24778829000008541   7000008541      30042025000000000152944001000566000008541                0900000000000010000000000000000000000000000000000000000   0000000000000000000000519A9        170192477882     
0010001300006U 020000000000000000000000000000000000000000000000000000000000000000000000000000000000000000000000000000000000000000000000000904202500000000            000000000000000                              000                           
00100015         000008000049000000000410875620000000000000000000000000000000000000000000000000000000000000000000000000000000000000000000000000000                                                                                              
00199999         000001000010000000                                                                                                                                                            00000000000000000000000000000                    
