00100000         2115139610001160024778820014       01897X0000000092096 FUNDACAO AGENCIA DAS BACIAS HIBANCO DO BRASIL                         22905202501481000607403000000829973081PROCESSAMEN                                                 
00100011T0100020 20115139610001160024778820014       01897X0000000092096 FUNDACAO AGENCIA DAS BACIAS HI                                                                                000000002905202500000000  000000000                      
0010001300001T 0201897X0000000092096 24778829000008590   7000008590      30062025000000000048747001022586000008590                0900000000000010500000000000000000000000000000000000000   0000000000000000000000519A9A4      170192477882     
0010001300002U 020000000000000000000000000000000000000000000000000000000000000000000000000000000000000000000000000000000000000000000000002905202500000000            000000000000000                              000                           
0010001300003T 0601897X0000000092096 24778829000008575   7000008575      30052025000000000192229237002910000008575                0900000000000010100000000000000000000000000000000000000   000000000000000000000000004        170192477882     
0010001300004U 060000000000000000000000000000000000000000000000000000000000000000000001922290000000001922290000000000000000000000000000002905202530052025            000000000000000                              000                           
0010001300005T 0601897X0000000092096 24778829000008586   7000008586      30052025000000000317160748052180000008586                0900000000000010100000000000000000000000000000000000000   000000000000000000000000004        170192477882     
0010001300006U 060000000000000000000000000000000000000000000000000000000000000000000003171600000000003171600000000000000000000000000000002905202530052025            000000000000000                              000                           
0010001300007T 0601897X0000000092096 24778829000008589   7000008589      30052025000000000082845341048070000008589                0900000000000010100000000000000000000000000000000000000   000000000000000000000000004        170192477882     
0010001300008U 060000000000000000000000000000000000000000000000000000000000000000000000828450000000000828450000000000000000000000000000002905202530052025            000000000000000                              000                           
00100015         000010000062000000000299657850000000000000000000000000000000000000000000000000000000000000000000000000000000000000000000000000000                                                                                              
00199999         000001000012000000                                                                                                                                                            00000000000000000000000000000                    
