00100000         2115139610001160024778820014       01897X0000000092096 FUNDACAO AGENCIA DAS BACIAS HIBANCO DO BRASIL                         21807202502022600614303000000829973081PROCESSAMEN                                                 
00100011T0100020 20115139610001160024778820014       01897X0000000092096 FUNDACAO AGENCIA DAS BACIAS HI                                                                                000000001807202500000000  000000000                      
0010001300001T 0201897X0000000092096 24778829000008701   7000008701      31072025000000000026397001009296000008701                0900000000000010500000000000000000000000000000000000000   0000000000000000000000519A9A4      170192477882     
0010001300002U 020000000000000000000000000000000000000000000000000000000000000000000000000000000000000000000000000000000000000000000000001807202500000000            000000000000000                              000                           
0010001300003T 0201897X0000000092096 24778829000008702   7000008702      31072025000000000049477001066583000008702                0900000000000010500000000000000000000000000000000000000   0000000000000000000000519A9A4      170192477882     
0010001300004U 020000000000000000000000000000000000000000000000000000000000000000000000000000000000000000000000000000000000000000000000001807202500000000            000000000000000                              000                           
0010001300005T 0201897X0000000092096 24778829000008703   7000008703      3107202500000000003628500100216X000008703                0900000000000010500000000000000000000000000000000000000   0000000000000000000000519A9A4      170192477882     
0010001300006U 020000000000000000000000000000000000000000000000000000000000000000000000000000000000000000000000000000000000000000000000001807202500000000            000000000000000                              000                           
0010001300007T 0601897X0000000092096 24778822500002147   700000000000214731072025000000000022607756072790000002147                0900000000000010100000000000000000000000000000000000000   000000000000000000000000004        170192477882     
0010001300008U 060000000000000000000000000000000000000000000000000000000000000000000000226070000000000226070000000000000000000000000000001807202521072025            000000000000000                              000                           
0010001300009T 0601897X0000000092096 24778822500002564   700000000000256431072025000000000022543033036440000002564                0900000000000010100000000000000000000000000000000000000   000000000000000000000000004        170192477882     
0010001300010U 060000000000000000000000000000000000000000000000000000000000000000000000225430000000000225430000000000000000000000000000001807202521072025            000000000000000                              000                           
0010001300011T 0601897X0000000092096 24778822500003236   700000000000323631072025000000000020113341002770000003236                0900000000000010100000000000000000000000000000000000000   000000000000000000000000004        170192477882     
0010001300012U 060000000000000000000000000000000000000000000000000000000000000000000000201130000000000201130000000000000000000000000000001807202521072025            000000000000000                              000                           
0010001300013T 0601897X0000000092096 24778822500004267   700000000000426730062025000000000142627001024279000004267                0900000000000010040000000000000000000000000000000000000   000000000000000000000000034        170192477882     
0010001300014U 060000000000037060000000000000000000000000000000000000000000000000000001463330000000001463330000000000000000000000000000001807202521072025            000000000000000                              000                           
0010001300015T 0601897X0000000092096 24778822500006011   700000000000601131072025000000000041824237013400000006011                0900000000000010100000000000000000000000000000000000000   000000000000000000000000004        170192477882     
0010001300016U 060000000000000000000000000000000000000000000000000000000000000000000000418240000000000418240000000000000000000000000000001807202521072025            000000000000000                              000                           
0010001300017T 0601897X0000000092096 24778822500006494   700000000000649431072025000000000034441237019150000006494                0900000000000010100000000000000000000000000000000000000   000000000000000000000000004        170192477882     
0010001300018U 060000000000000000000000000000000000000000000000000000000000000000000000344410000000000344410000000000000000000000000000001807202521072025            000000000000000                              000                           
0010001300019T 0601897X0000000092096 24778822500007369   700000000000736931072025000000000025094033000900000007369                0900000000000010100000000000000000000000000000000000000   000000000000000000000000004        170192477882     
0010001300020U 060000000000000000000000000000000000000000000000000000000000000000000000250940000000000250940000000000000000000000000000001807202521072025            000000000000000                              000                           
0010001300021T 0601897X0000000092096 24778822500007830   700000000000783018072025000000000020911237016780000007830                0900000000000010100000000000000000000000000000000000000   000000000000000000000000004        170192477882     
0010001300022U 060000000000000000000000000000000000000000000000000000000000000000000000209110000000000209110000000000000000000000000000001807202521072025            000000000000000                              000                           
0010001300023T 0601897X0000000092096 24778829000008700   7000008700      31072025000000000074414341000190000008700                0900000000000010100000000000000000000000000000000000000   000000000000000000000000004        170192477882     
0010001300024U 060000000000000000000000000000000000000000000000000000000000000000000000744140000000000744140000000000000000000000000000001807202521072025            000000000000000                              000                           
0010001300025T 1401897X0000000092096 24778822500000525   70000000000005252507202500000000002900300100216X000000525                0900000000000000000000000000000000000000000000000000000   000000000000000000000000000        170192477882     
0010001300026U 140000000000000000000000000000000000000000000000000000000000000000000000000000000000000000000000000000000000000000000000001807202500000000            000000000000000                              000                           
0010001300027T 1401897X0000000092096 24778822500001213   700000000000121325072025000000000025555001024279000001213                0900000000000000000000000000000000000000000000000000000   000000000000000000000000000        170192477882     
0010001300028U 140000000000000000000000000000000000000000000000000000000000000000000000000000000000000000000000000000000000000000000000001807202500000000            000000000000000                              000                           
0010001300029T 1401897X0000000092096 24778822500007655   700000000000765525072025000000000022534001004561000007655                0900000000000000000000000000000000000000000000000000000   000000000000000000000000000        170192477882     
0010001300030U 140000000000000000000000000000000000000000000000000000000000000000000000000000000000000000000000000000000000000000000000001807202500000000            000000000000000                              000                           
00100015         000032006426000000017196219970000000000000000000000000000000000000000000000000000000000000000000000000000000000000000000000000000                                                                                              
00199999         000001000034000000                                                                                                                                                            00000000000000000000000000000                    
