00100000         2115139610001160024778820014       01897X0000000092096 FUNDACAO AGENCIA DAS BACIAS HIBANCO DO BRASIL                         20408202502114300616503000000829973081PROCESSAMEN                                                 
00100011T0100020 20115139610001160024778820014       01897X0000000092096 FUNDACAO AGENCIA DAS BACIAS HI                                                                                000000000408202500000000  000000000                      
0010001300001T 0601897X0000000092096 24778822500001308   700000000000130831072025000000000023422104021990000001308                0900000000000010100000000000000000000000000000000000000   000000000000000000000000004        170192477882     
0010001300002U 060000000000004990000000000000000000000000000000000000000000000000000000239210000000000239210000000000000000000000000000000408202505082025            000000000000000                              000                           
0010001300003T 0601897X0000000092096 24778822500001460   700000000000146031072025000000000021226001078298000001460                0900000000000010080000000000000000000000000000000000000   000000000000000000000000003        170192477882     
0010001300004U 060000000000004520000000000000000000000000000000000000000000000000000000216780000000000216780000000000000000000000000000000408202505082025            000000000000000                              000                           
0010001300005T 0601897X0000000092096 24778822500002449   700000000000244931072025000000000023890341054030000002449                0900000000000010100000000000000000000000000000000000000   000000000000000000000000004        170192477882     
0010001300006U 060000000000005080000000000000000000000000000000000000000000000000000000243980000000000243980000000000000000000000000000000408202505082025            000000000000000                              000                           
0010001300007T 0601897X0000000092096 24778822500003708   700000000000370831072025000000000389883237023720000003708                0900000000000010100000000000000000000000000000000000000   000000000000000000000000004        170192477882     
0010001300008U 060000000000083160000000000000000000000000000000000000000000000000000003981990000000003981990000000000000000000000000000000408202505082025            000000000000000                              000                           
0010001300009T 0601897X0000000092096 24778822500006117   700000000000611729082025000000000041099756020670000006117                0900000000000010100000000000000000000000000000000000000   000000000000000000000000004        170192477882     
0010001300010U 060000000000000000000000000000000000000000000000000000000000000000000000410990000000000410990000000000000000000000000000000408202505082025            000000000000000                              000                           
0010001300011T 0601897X0000000092096 24778829000008734   7000008734      29082025000000000024859237000460000008734                0900000000000010100000000000000000000000000000000000000   000000000000000000000000004        170192477882     
0010001300012U 060000000000000000000000000000000000000000000000000000000000000000000000248590000000000248590000000000000000000000000000000408202505082025            000000000000000                              000                           
0010001300013T 0901897X0000000092096 24778822500002003   700000000000200331072025000000000024885001003409000002003                0900000000000000000000000000000000000000000000000000000   000000000000000000000039010        170192477882     
0010001300014U 090000000000000000000000000000000000000000000000000000000000000000000000000000000000000000000000000000000000000000000000000408202500000000            000000000000000                              000                           
0010001300015T 0901897X0000000092096 24778822500002004   700000000000200429082025000000000024885001003409000002004                0900000000000000000000000000000000000000000000000000000   000000000000000000000039010        170192477882     
0010001300016U 090000000000000000000000000000000000000000000000000000000000000000000000000000000000000000000000000000000000000000000000000408202500000000            000000000000000                              000                           
0010001300017T 0901897X0000000092096 24778822500002005   700000000000200530092025000000000024885001003409000002005                0900000000000000000000000000000000000000000000000000000   000000000000000000000039010        170192477882     
0010001300018U 090000000000000000000000000000000000000000000000000000000000000000000000000000000000000000000000000000000000000000000000000408202500000000            000000000000000                              000                           
0010001300019T 0901897X0000000092096 24778822500004143   700000000000414329082025000000000176651001003409000004143                0900000000000000000000000000000000000000000000000000000   000000000000000000000039010        170192477882     
0010001300020U 090000000000000000000000000000000000000000000000000000000000000000000000000000000000000000000000000000000000000000000000000408202500000000            000000000000000                              000                           
0010001300021T 0901897X0000000092096 24778822500004144   700000000000414430092025000000000176651001003409000004144                0900000000000000000000000000000000000000000000000000000   000000000000000000000039010        170192477882     
0010001300022U 090000000000000000000000000000000000000000000000000000000000000000000000000000000000000000000000000000000000000000000000000408202500000000            000000000000000                              000                           
0010001300023T 0901897X0000000092096 24778822500004145   700000000000414531102025000000000176651001003409000004145                0900000000000000000000000000000000000000000000000000000   000000000000000000000039010        170192477882     
0010001300024U 090000000000000000000000000000000000000000000000000000000000000000000000000000000000000000000000000000000000000000000000000408202500000000            000000000000000                              000                           
0010001300025T 0901897X0000000092096 24778822500004146   700000000000414628112025000000000176651001003409000004146                0900000000000000000000000000000000000000000000000000000   000000000000000000000039010        170192477882     
0010001300026U 090000000000000000000000000000000000000000000000000000000000000000000000000000000000000000000000000000000000000000000000000408202500000000            000000000000000                              000                           
0010001300027T 0901897X0000000092096 24778822500004147   700000000000414719122025000000000176651001003409000004147                0900000000000000000000000000000000000000000000000000000   000000000000000000000039010        170192477882     
0010001300028U 090000000000000000000000000000000000000000000000000000000000000000000000000000000000000000000000000000000000000000000000000408202500000000            000000000000000                              000                           
00100015         000030005454000000014886354800000000000000000000000000000000000000000000000000000000000000000000000000000000000000000000000000000                                                                                              
00199999         000001000032000000                                                                                                                                                            00000000000000000000000000000                    
