00100000         2115139610001160024778820014       01897X0000000092096 FUNDACAO AGENCIA DAS BACIAS HIBANCO DO BRASIL                         23001202502092900593903000000829973081PROCESSAMEN                                                 
00100011T0100020 20115139610001160024778820014       01897X0000000092096 FUNDACAO AGENCIA DAS BACIAS HI                                                                                000000003001202500000000  000000000                      
0010001300001T 0601897X0000000092096 24778829000008251   7000008251      31012025000000000247312341007960000008251                0900000000000010100000000000000000000000000000000000000   000000000000000000000000004        170192477882     
0010001300002U 060000000000000000000000000000000000000000000000000000000000000000000002473120000000002473120000000000000000000000000000003001202531012025            000000000000000                              000                           
0010001300003T 0601897X0000000092096 24778829000008476   7000008476      31012025000000000146957341083650000008476                0900000000000010100000000000000000000000000000000000000   000000000000000000000000004        170192477882     
0010001300004U 060000000000000000000000000000000000000000000000000000000000000000000001469570000000001469570000000000000000000000000000003001202531012025            000000000000000                              000                           
00100015         000006000068000000000793869620000000000000000000000000000000000000000000000000000000000000000000000000000000000000000000000000000                                                                                              
00199999         000001000008000000                                                                                                                                                            00000000000000000000000000000                    
