00100000         2115139610001160024778820014       01897X0000000092096 FUNDACAO AGENCIA DAS BACIAS HIBANCO DO BRASIL                         22706202502024900611303000000829973081PROCESSAMEN                                                 
00100011T0100020 20115139610001160024778820014       01897X0000000092096 FUNDACAO AGENCIA DAS BACIAS HI                                                                                000000002706202500000000  000000000                      
0010001300001T 0201897X0000000092096 24778829000008653   7000008653      31072025000000000029893001008117000008653                0900000000000010500000000000000000000000000000000000000   0000000000000000000000519A9A4      170192477882     
0010001300002U 020000000000000000000000000000000000000000000000000000000000000000000000000000000000000000000000000000000000000000000000002706202500000000            000000000000000                              000                           
0010001300003T 0201897X0000000092096 24778829000008654   7000008654      3107202500000000008716100101513X000008654                0900000000000010500000000000000000000000000000000000000   0000000000000000000000519A9A4      170192477882     
0010001300004U 020000000000000000000000000000000000000000000000000000000000000000000000000000000000000000000000000000000000000000000000002706202500000000            000000000000000                              000                           
0010001300005T 0601897X0000000092096 24778822500000029   700000000000002930062025000000000439352001031496000000029                0900000000000010040000000000000000000000000000000000000   000000000000000000000000034        170192477882     
0010001300006U 060000000000000000000000000000000000000000000000000000000000000000000004393520000000004393520000000000000000000000000000002706202530062025            000000000000000                              000                           
0010001300007T 0601897X0000000092096 24778822500000039   700000000000003930062025000000000341511001068624000000039                0900000000000010040000000000000000000000000000000000000   000000000000000000000000034        170192477882     
0010001300008U 060000000000000000000000000000000000000000000000000000000000000000000003415110000000003415110000000000000000000000000000002706202530062025            000000000000000                              000                           
0010001300009T 0601897X0000000092096 24778822500000086   700000000000008630062025000000000174033237002910000000086                0900000000000010100000000000000000000000000000000000000   000000000000000000000000004        170192477882     
0010001300010U 060000000000000000000000000000000000000000000000000000000000000000000001740330000000001740330000000000000000000000000000002706202530062025            000000000000000                              000                           
0010001300011T 0601897X0000000092096 24778822500000117   700000000000011730062025000000000125158237033720000000117                0900000000000010100000000000000000000000000000000000000   000000000000000000000000004        170192477882     
0010001300012U 060000000000000000000000000000000000000000000000000000000000000000000001251580000000001251580000000000000000000000000000002706202530062025            000000000000000                              000                           
0010001300013T 0601897X0000000092096 24778822500000158   700000000000015830062025000000000089587237003290000000158                0900000000000010100000000000000000000000000000000000000   000000000000000000000000004        170192477882     
0010001300014U 060000000000000000000000000000000000000000000000000000000000000000000000895870000000000895870000000000000000000000000000002706202530062025            000000000000000                              000                           
0010001300015T 0601897X0000000092096 24778822500000190   700000000000019030062025000000000070264341000090000000190                0900000000000010100000000000000000000000000000000000000   000000000000000000000000004        170192477882     
0010001300016U 060000000000000000000000000000000000000000000000000000000000000000000000702640000000000702640000000000000000000000000000002706202530062025            000000000000000                              000                           
0010001300017T 0601897X0000000092096 24778822500000337   700000000000033730062025000000000036596104003170000000337                0900000000000010100000000000000000000000000000000000000   000000000000000000000000004        170192477882     
0010001300018U 060000000000000000000000000000000000000000000000000000000000000000000000365960000000000365960000000000000000000000000000002706202530062025            000000000000000                              000                           
0010001300019T 0601897X0000000092096 24778822500000355   700000000000035530062025000000000035754033005450000000355                0900000000000010100000000000000000000000000000000000000   000000000000000000000000004        170192477882     
0010001300020U 060000000000000000000000000000000000000000000000000000000000000000000000357540000000000357540000000000000000000000000000002706202530062025            000000000000000                              000                           
0010001300021T 0601897X0000000092096 24778822500000389   700000000000038930062025000000000034199033041910000000389                0900000000000010100000000000000000000000000000000000000   000000000000000000000000004        170192477882     
0010001300022U 060000000000000000000000000000000000000000000000000000000000000000000000341990000000000341990000000000000000000000000000002706202530062025            000000000000000                              000                           
0010001300023T 0601897X0000000092096 24778822500000405   700000000000040530062025000000000033276237033710000000405                0900000000000010100000000000000000000000000000000000000   000000000000000000000000004        170192477882     
0010001300024U 060000000000000000000000000000000000000000000000000000000000000000000000332760000000000332760000000000000000000000000000002706202530062025            000000000000000                              000                           
0010001300025T 0601897X0000000092096 24778822500000465   700000000000046530062025000000000030406341080740000000465                0900000000000010100000000000000000000000000000000000000   000000000000000000000000004        170192477882     
0010001300026U 060000000000000000000000000000000000000000000000000000000000000000000000304060000000000304060000000000000000000000000000002706202530062025            000000000000000                              000                           
0010001300027T 0601897X0000000092096 24778822500000469   700000000000046930062025000000000030302237033710000000469                0900000000000010100000000000000000000000000000000000000   000000000000000000000000004        170192477882     
0010001300028U 060000000000000000000000000000000000000000000000000000000000000000000000303020000000000303020000000000000000000000000000002706202530062025            000000000000000                              000                           
0010001300029T 0601897X0000000092096 24778822500000497   700000000000049730062025000000000029277341000070000000497                0900000000000010100000000000000000000000000000000000000   000000000000000000000000004        170192477882     
0010001300030U 060000000000000000000000000000000000000000000000000000000000000000000000292770000000000292770000000000000000000000000000002706202530062025            000000000000000                              000                           
0010001300031T 0601897X0000000092096 24778822500000506   700000000000050630062025000000000029277756035330000000506                0900000000000010100000000000000000000000000000000000000   000000000000000000000000004        170192477882     
0010001300032U 060000000000000000000000000000000000000000000000000000000000000000000000292770000000000292770000000000000000000000000000002706202530062025            000000000000000                              000                           
0010001300033T 0601897X0000000092096 24778822500000543   700000000000054330062025000000000028371033031780000000543                0900000000000010100000000000000000000000000000000000000   000000000000000000000000004        170192477882     
0010001300034U 060000000000000000000000000000000000000000000000000000000000000000000000283710000000000283710000000000000000000000000000002706202530062025            000000000000000                              000                           
0010001300035T 0601897X0000000092096 24778822500000578   700000000000057830062025000000000026795033037070000000578                0900000000000010100000000000000000000000000000000000000   000000000000000000000000004        170192477882     
0010001300036U 060000000000000000000000000000000000000000000000000000000000000000000000267950000000000267950000000000000000000000000000002706202530062025            000000000000000                              000                           
0010001300037T 0601897X0000000092096 24778822500000597   700000000000059730062025000000000026349422000880000000597                0900000000000010100000000000000000000000000000000000000   000000000000000000000000004        170192477882     
0010001300038U 060000000000000000000000000000000000000000000000000000000000000000000000263490000000000263490000000000000000000000000000002706202530062025            000000000000000                              000                           
0010001300039T 0601897X0000000092096 24778822500000694   700000000000069430062025000000000023421077000010000000694                0900000000000010100000000000000000000000000000000000000   000000000000000000000000004        170192477882     
0010001300040U 060000000000000000000000000000000000000000000000000000000000000000000000234210000000000234210000000000000000000000000000002706202530062025            000000000000000                              000                           
0010001300041T 0601897X0000000092096 24778822500000713   700000000000071330062025000000000023030260000010000000713                0900000000000010100000000000000000000000000000000000000   000000000000000000000000004        170192477882     
0010001300042U 060000000000000000000000000000000000000000000000000000000000000000000000230300000000000230300000000000000000000000000000002706202530062025            000000000000000                              000                           
0010001300043T 0601897X0000000092096 24778822500000730   700000000000073030062025000000000022364237035360000000730                0900000000000010100000000000000000000000000000000000000   000000000000000000000000004        170192477882     
0010001300044U 060000000000000000000000000000000000000000000000000000000000000000000000223640000000000223640000000000000000000000000000002706202530062025            000000000000000                              000                           
0010001300045T 0601897X0000000092096 24778822500000773   700000000000077330062025000000000021323341005460000000773                0900000000000010100000000000000000000000000000000000000   000000000000000000000000004        170192477882     
0010001300046U 060000000000000000000000000000000000000000000000000000000000000000000000213230000000000213230000000000000000000000000000002706202530062025            000000000000000                              000                           
0010001300047T 0601897X0000000092096 24778822500000808   700000000000080830062025000000000019694104002780000000808                0900000000000010100000000000000000000000000000000000000   000000000000000000000000004        170192477882     
0010001300048U 060000000000000000000000000000000000000000000000000000000000000000000000196940000000000196940000000000000000000000000000002706202530062025            000000000000000                              000                           
0010001300049T 0601897X0000000092096 24778822500000825   700000000000082530062025000000000019199001033626000000825                0900000000000010060000000000000000000000000000000000000   000000000000000000000000033        170192477882     
0010001300050U 060000000000000000000000000000000000000000000000000000000000000000000000191990000000000191990000000000000000000000000000002706202530062025            000000000000000                              000                           
0010001300051T 0601897X0000000092096 24778822500000879   700000000000087930062025000000000016710237003160000000879                0900000000000010100000000000000000000000000000000000000   000000000000000000000000004        170192477882     
0010001300052U 060000000000000000000000000000000000000000000000000000000000000000000000167100000000000167100000000000000000000000000000002706202530062025            000000000000000                              000                           
0010001300053T 0601897X0000000092096 24778822500000883   700000000000088330062025000000000016425509000010000000883                0900000000000010100000000000000000000000000000000000000   000000000000000000000000004        170192477882     
0010001300054U 060000000000000000000000000000000000000000000000000000000000000000000000164250000000000164250000000000000000000000000000002706202530062025            000000000000000                              000                           
0010001300055T 0601897X0000000092096 24778822500000909   700000000000090930062025000000000015251033002160000000909                0900000000000010100000000000000000000000000000000000000   000000000000000000000000004        170192477882     
0010001300056U 060000000000000000000000000000000000000000000000000000000000000000000000152510000000000152510000000000000000000000000000002706202530062025            000000000000000                              000                           
0010001300057T 0601897X0000000092096 24778822500000911   700000000000091130062025000000000015159001024279000000911                0900000000000010040000000000000000000000000000000000000   000000000000000000000000034        170192477882     
0010001300058U 060000000000000000000000000000000000000000000000000000000000000000000000151590000000000151590000000000000000000000000000002706202530062025            000000000000000                              000                           
0010001300059T 0601897X0000000092096 24778822500000917   700000000000091730062025000000000014793341015780000000917                0900000000000010100000000000000000000000000000000000000   000000000000000000000000004        170192477882     
0010001300060U 060000000000000000000000000000000000000000000000000000000000000000000000147930000000000147930000000000000000000000000000002706202530062025            000000000000000                              000                           
0010001300061T 0601897X0000000092096 24778822500000983   700000000000098330062025000000000010981341005900000000983                0900000000000010100000000000000000000000000000000000000   000000000000000000000000004        170192477882     
0010001300062U 060000000000000000000000000000000000000000000000000000000000000000000000109810000000000109810000000000000000000000000000002706202530062025            000000000000000                              000                           
0010001300063T 0601897X0000000092096 24778822500000993   700000000000099330062025000000000009674341006580000000993                0900000000000010100000000000000000000000000000000000000   000000000000000000000000004        170192477882     
0010001300064U 060000000000000000000000000000000000000000000000000000000000000000000000096740000000000096740000000000000000000000000000002706202530062025            000000000000000                              000                           
0010001300065T 0601897X0000000092096 24778822500001011   700000000000101130062025000000000006548237001510000001011                0900000000000010100000000000000000000000000000000000000   000000000000000000000000004        170192477882     
0010001300066U 060000000000000000000000000000000000000000000000000000000000000000000000065480000000000065480000000000000000000000000000002706202530062025            000000000000000                              000                           
0010001300067T 0601897X0000000092096 24778822500001041   700000000000104130062025000000000029277341000300000001041                0900000000000010100000000000000000000000000000000000000   000000000000000000000000004        170192477882     
0010001300068U 060000000000000000000000000000000000000000000000000000000000000000000000292770000000000292770000000000000000000000000000002706202530062025            000000000000000                              000                           
0010001300069T 0601897X0000000092096 24778822500001143   700000000000114330062025000000000027229341086800000001143                0900000000000010100000000000000000000000000000000000000   000000000000000000000000004        170192477882     
0010001300070U 060000000000000000000000000000000000000000000000000000000000000000000000272290000000000272290000000000000000000000000000002706202530062025            000000000000000                              000                           
0010001300071T 0601897X0000000092096 24778822500001191   700000000000119130062025000000000025989341026900000001191                0900000000000010100000000000000000000000000000000000000   000000000000000000000000004        170192477882     
0010001300072U 060000000000000000000000000000000000000000000000000000000000000000000000259890000000000259890000000000000000000000000000002706202530062025            000000000000000                              000                           
0010001300073T 0601897X0000000092096 24778822500001251   700000000000125130062025000000000024885237004800000001251                0900000000000010100000000000000000000000000000000000000   000000000000000000000000004        170192477882     
0010001300074U 060000000000000000000000000000000000000000000000000000000000000000000000248850000000000248850000000000000000000000000000002706202530062025            000000000000000                              000                           
0010001300075T 0601897X0000000092096 24778822500001341   700000000000134130062025000000000022321341000550000001341                0900000000000010100000000000000000000000000000000000000   000000000000000000000000004        170192477882     
0010001300076U 060000000000000000000000000000000000000000000000000000000000000000000000223210000000000223210000000000000000000000000000002706202530062025            000000000000000                              000                           
0010001300077T 0601897X0000000092096 24778822500001361   700000000000136130062025000000000021957001003409000001361                0900000000000010040000000000000000000000000000000000000   000000000000000000000000034        170192477882     
0010001300078U 060000000000000000000000000000000000000000000000000000000000000000000000219570000000000219570000000000000000000000000000002706202530062025            000000000000000                              000                           
0010001300079T 0601897X0000000092096 24778822500001369   700000000000136930062025000000000021957748054440000001369                0900000000000010100000000000000000000000000000000000000   000000000000000000000000004        170192477882     
0010001300080U 060000000000000000000000000000000000000000000000000000000000000000000000219570000000000219570000000000000000000000000000002706202530062025            000000000000000                              000                           
0010001300081T 0601897X0000000092096 24778822500001421   700000000000142130062025000000000021909748051530000001421                0900000000000010100000000000000000000000000000000000000   000000000000000000000000004        170192477882     
0010001300082U 060000000000000000000000000000000000000000000000000000000000000000000000219090000000000219090000000000000000000000000000002706202530062025            000000000000000                              000                           
0010001300083T 0601897X0000000092096 24778822500001511   700000000000151130062025000000000020335755013060000001511                0900000000000010100000000000000000000000000000000000000   000000000000000000000000004        170192477882     
0010001300084U 060000000000000000000000000000000000000000000000000000000000000000000000203350000000000203350000000000000000000000000000002706202530062025            000000000000000                              000                           
0010001300085T 0601897X0000000092096 24778822500001591   700000000000159130062025000000000025001341048070000001591                0900000000000010100000000000000000000000000000000000000   000000000000000000000000004        170192477882     
0010001300086U 060000000000000000000000000000000000000000000000000000000000000000000000250010000000000250010000000000000000000000000000002706202530062025            000000000000000                              000                           
0010001300087T 0601897X0000000092096 24778822500001642   700000000000164230062025000000000024397450000010000001642                0900000000000010100000000000000000000000000000000000000   000000000000000000000000004        170192477882     
0010001300088U 060000000000000000000000000000000000000000000000000000000000000000000000243970000000000243970000000000000000000000000000002706202530062025            000000000000000                              000                           
0010001300089T 0601897X0000000092096 24778822500001708   700000000000170830062025000000000023880001012270000001708                0900000000000010090000000000000000000000000000000000000   000000000000000000000000006        170192477882     
0010001300090U 060000000000000000000000000000000000000000000000000000000000000000000000238800000000000238800000000000000000000000000000002706202530062025            000000000000000                              000                           
0010001300091T 0601897X0000000092096 24778822500001732   700000000000173204072025000000000023462341002770000001732                0900000000000010100000000000000000000000000000000000000   000000000000000000000000004        170192477882     
0010001300092U 060000000000000000000000000000000000000000000000000000000000000000000000234620000000000234620000000000000000000000000000002706202530062025            000000000000000                              000                           
0010001300093T 0601897X0000000092096 24778822500001858   700000000000185830062025000000000021957033038610000001858                0900000000000010100000000000000000000000000000000000000   000000000000000000000000004        170192477882     
0010001300094U 060000000000000000000000000000000000000000000000000000000000000000000000219570000000000219570000000000000000000000000000002706202530062025            000000000000000                              000                           
0010001300095T 0601897X0000000092096 24778822500001861   700000000000186130062025000000000021957341030710000001861                0900000000000010100000000000000000000000000000000000000   000000000000000000000000004        170192477882     
0010001300096U 060000000000000000000000000000000000000000000000000000000000000000000000219570000000000219570000000000000000000000000000002706202530062025            000000000000000                              000                           
0010001300097T 0601897X0000000092096 24778822500001921   700000000000192130062025000000000021225341015360000001921                0900000000000010100000000000000000000000000000000000000   000000000000000000000000004        170192477882     
0010001300098U 060000000000000000000000000000000000000000000000000000000000000000000000212250000000000212250000000000000000000000000000002706202530062025            000000000000000                              000                           
0010001300099T 0601897X0000000092096 24778822500002146   700000000000214630062025000000000022607756072790000002146                0900000000000010100000000000000000000000000000000000000   000000000000000000000000004        170192477882     
0010001300100U 060000000000000000000000000000000000000000000000000000000000000000000000226070000000000226070000000000000000000000000000002706202530062025            000000000000000                              000                           
0010001300101T 0601897X0000000092096 24778822500002210   700000000000221030062025000000000021956341004190000002210                0900000000000010100000000000000000000000000000000000000   000000000000000000000000004        170192477882     
0010001300102U 060000000000000000000000000000000000000000000000000000000000000000000000219560000000000219560000000000000000000000000000002706202530062025            000000000000000                              000                           
0010001300103T 0601897X0000000092096 24778822500002406   700000000000240630062025000000000020345341008970000002406                0900000000000010100000000000000000000000000000000000000   000000000000000000000000004        170192477882     
0010001300104U 060000000000000000000000000000000000000000000000000000000000000000000000203450000000000203450000000000000000000000000000002706202530062025            000000000000000                              000                           
0010001300105T 0601897X0000000092096 24778822500002503   700000000000250330062025000000000023422341023500000002503                0900000000000010100000000000000000000000000000000000000   000000000000000000000000004        170192477882     
0010001300106U 060000000000000000000000000000000000000000000000000000000000000000000000234220000000000234220000000000000000000000000000002706202530062025            000000000000000                              000                           
0010001300107T 0601897X0000000092096 24778822500002683   700000000000268330062025000000000021080509000010000002683                0900000000000010100000000000000000000000000000000000000   000000000000000000000000004        170192477882     
0010001300108U 060000000000000000000000000000000000000000000000000000000000000000000000210800000000000210800000000000000000000000000000002706202530062025            000000000000000                              000                           
0010001300109T 0601897X0000000092096 24778822500002778   700000000000277830062025000000000020264237001870000002778                0900000000000010100000000000000000000000000000000000000   000000000000000000000000004        170192477882     
0010001300110U 060000000000000000000000000000000000000000000000000000000000000000000000202640000000000202640000000000000000000000000000002706202530062025            000000000000000                              000                           
0010001300111T 0601897X0000000092096 24778822500002935   700000000000293530062025000000000022056341007960000002935                0900000000000010100000000000000000000000000000000000000   000000000000000000000000004        170192477882     
0010001300112U 060000000000000000000000000000000000000000000000000000000000000000000000220560000000000220560000000000000000000000000000002706202530062025            000000000000000                              000                           
0010001300113T 0601897X0000000092096 24778822500003037   700000000000303730062025000000000021568033002850000003037                0900000000000010100000000000000000000000000000000000000   000000000000000000000000004        170192477882     
0010001300114U 060000000000000000000000000000000000000000000000000000000000000000000000215680000000000215680000000000000000000000000000002706202530062025            000000000000000                              000                           
0010001300115T 0601897X0000000092096 24778822500003553   700000000000355330062025000000000802403341000540000003553                0900000000000010100000000000000000000000000000000000000   000000000000000000000000004        170192477882     
0010001300116U 060000000000000000000000000000000000000000000000000000000000000000000008024030000000008024030000000000000000000000000000002706202530062025            000000000000000                              000                           
0010001300117T 0601897X0000000092096 24778822500003700   700000000000370030062025000000000403175033030640000003700                0900000000000010100000000000000000000000000000000000000   000000000000000000000000004        170192477882     
0010001300118U 060000000000000000000000000000000000000000000000000000000000000000000004031750000000004031750000000000000000000000000000002706202530062025            000000000000000                              000                           
0010001300119T 0601897X0000000092096 24778822500003728   700000000000372830062025000000000371248274000010000003728                0900000000000010100000000000000000000000000000000000000   000000000000000000000000004        170192477882     
0010001300120U 060000000000000000000000000000000000000000000000000000000000000000000003712480000000003712480000000000000000000000000000002706202530062025            000000000000000                              000                           
0010001300121T 0601897X0000000092096 24778822500003932   700000000000393231072025000000000226513237030410000003932                0900000000000010100000000000000000000000000000000000000   000000000000000000000000004        170192477882     
0010001300122U 060000000000000000000000000000000000000000000000000000000000000000000002265130000000002265130000000000000000000000000000002706202530062025            000000000000000                              000                           
0010001300123T 0601897X0000000092096 24778822500003933   700000000000393329082025000000000226513237030410000003933                0900000000000010100000000000000000000000000000000000000   000000000000000000000000004        170192477882     
0010001300124U 060000000000000000000000000000000000000000000000000000000000000000000002265130000000002265130000000000000000000000000000002706202530062025            000000000000000                              000                           
0010001300125T 0601897X0000000092096 24778822500003934   700000000000393430092025000000000226513237030410000003934                0900000000000010100000000000000000000000000000000000000   000000000000000000000000004        170192477882     
0010001300126U 060000000000000000000000000000000000000000000000000000000000000000000002265130000000002265130000000000000000000000000000002706202530062025            000000000000000                              000                           
0010001300127T 0601897X0000000092096 24778822500004358   700000000000435830062025000000000125474237020020000004358                0900000000000010100000000000000000000000000000000000000   000000000000000000000000004        170192477882     
0010001300128U 060000000000000000000000000000000000000000000000000000000000000000000001254740000000001254740000000000000000000000000000002706202530062025            000000000000000                              000                           
0010001300129T 0601897X0000000092096 24778822500004470   700000000000447030062025000000000113138341011450000004470                0900000000000010100000000000000000000000000000000000000   000000000000000000000000004        170192477882     
0010001300130U 060000000000000000000000000000000000000000000000000000000000000000000001131380000000001131380000000000000000000000000000002706202530062025            000000000000000                              000                           
0010001300131T 0601897X0000000092096 24778822500004757   700000000000475730062025000000000086719237002150000004757                0900000000000010100000000000000000000000000000000000000   000000000000000000000000004        170192477882     
0010001300132U 060000000000000000000000000000000000000000000000000000000000000000000000867190000000000867190000000000000000000000000000002706202530062025            000000000000000                              000                           
0010001300133T 0601897X0000000092096 24778822500005058   700000000000505830062025000000000072316341000540000005058                0900000000000010100000000000000000000000000000000000000   000000000000000000000000004        170192477882     
0010001300134U 060000000000000000000000000000000000000000000000000000000000000000000000723160000000000723160000000000000000000000000000002706202530062025            000000000000000                              000                           
0010001300135T 0601897X0000000092096 24778822500005072   700000000000507230062025000000000071737341008970000005072                0900000000000010100000000000000000000000000000000000000   000000000000000000000000004        170192477882     
0010001300136U 060000000000000000000000000000000000000000000000000000000000000000000000717370000000000717370000000000000000000000000000002706202530062025            000000000000000                              000                           
0010001300137T 0601897X0000000092096 24778822500005107   70000000000051073006202500000000006827200104203X000005107                0900000000000010040000000000000000000000000000000000000   000000000000000000000000034        170192477882     
0010001300138U 060000000000000000000000000000000000000000000000000000000000000000000000682720000000000682720000000000000000000000000000002706202530062025            000000000000000                              000                           
0010001300139T 0601897X0000000092096 24778822500005261   700000000000526130062025000000000063174341000300000005261                0900000000000010100000000000000000000000000000000000000   000000000000000000000000004        170192477882     
0010001300140U 060000000000000000000000000000000000000000000000000000000000000000000000631740000000000631740000000000000000000000000000002706202530062025            000000000000000                              000                           
0010001300141T 0601897X0000000092096 24778822500005723   700000000000572330062025000000000050037033000130000005723                0900000000000010100000000000000000000000000000000000000   000000000000000000000000004        170192477882     
0010001300142U 060000000000000000000000000000000000000000000000000000000000000000000000500370000000000500370000000000000000000000000000002706202530062025            000000000000000                              000                           
0010001300143T 0601897X0000000092096 24778822500005870   700000000000587030062025000000000045045341029290000005870                0900000000000010100000000000000000000000000000000000000   000000000000000000000000004        170192477882     
0010001300144U 060000000000000000000000000000000000000000000000000000000000000000000000450450000000000450450000000000000000000000000000002706202530062025            000000000000000                              000                           
0010001300145T 0601897X0000000092096 24778822500006045   700000000000604530062025000000000041822237022970000006045                0900000000000010100000000000000000000000000000000000000   000000000000000000000000004        170192477882     
0010001300146U 060000000000000000000000000000000000000000000000000000000000000000000000418220000000000418220000000000000000000000000000002706202530062025            000000000000000                              000                           
0010001300147T 0601897X0000000092096 24778822500006157   700000000000615730062025000000000040569237004800000006157                0900000000000010100000000000000000000000000000000000000   000000000000000000000000004        170192477882     
0010001300148U 060000000000000000000000000000000000000000000000000000000000000000000000405690000000000405690000000000000000000000000000002706202530062025            000000000000000                              000                           
0010001300149T 0601897X0000000092096 24778822500006507   700000000000650730062025000000000034211033005750000006507                0900000000000010100000000000000000000000000000000000000   000000000000000000000000004        170192477882     
0010001300150U 060000000000000000000000000000000000000000000000000000000000000000000000342110000000000342110000000000000000000000000000002706202530062025            000000000000000                              000                           
0010001300151T 0601897X0000000092096 24778822500006619   700000000000661930062025000000000033459756081450000006619                0900000000000010100000000000000000000000000000000000000   000000000000000000000000004        170192477882     
0010001300152U 060000000000000000000000000000000000000000000000000000000000000000000000334590000000000334590000000000000000000000000000002706202530062025            000000000000000                              000                           
0010001300153T 0601897X0000000092096 24778822500006633   700000000000663330062025000000000033459237033710000006633                0900000000000010100000000000000000000000000000000000000   000000000000000000000000004        170192477882     
0010001300154U 060000000000000000000000000000000000000000000000000000000000000000000000334590000000000334590000000000000000000000000000002706202530062025            000000000000000                              000                           
0010001300155T 0601897X0000000092096 24778822500006759   700000000000675930062025000000000032302001008117000006759                0900000000000010040000000000000000000000000000000000000   000000000000000000000000034        170192477882     
0010001300156U 060000000000000000000000000000000000000000000000000000000000000000000000323020000000000323020000000000000000000000000000002706202530062025            000000000000000                              000                           
0010001300157T 0601897X0000000092096 24778822500007074   700000000000707430062025000000000029275756038430000007074                0900000000000010100000000000000000000000000000000000000   000000000000000000000000004        170192477882     
0010001300158U 060000000000000000000000000000000000000000000000000000000000000000000000292750000000000292750000000000000000000000000000002706202530062025            000000000000000                              000                           
0010001300159T 0601897X0000000092096 24778822500007368   700000000000736830062025000000000025096033000900000007368                0900000000000010100000000000000000000000000000000000000   000000000000000000000000004        170192477882     
0010001300160U 060000000000000000000000000000000000000000000000000000000000000000000000250960000000000250960000000000000000000000000000002706202530062025            000000000000000                              000                           
0010001300161T 0601897X0000000092096 24778822500007984   700000000000798430062025000000000020470237025610000007984                0900000000000010100000000000000000000000000000000000000   000000000000000000000000004        170192477882     
0010001300162U 060000000000000000000000000000000000000000000000000000000000000000000000204700000000000204700000000000000000000000000000002706202530062025            000000000000000                              000                           
0010001300163T 0601897X0000000092096 24778829000008568   7000008568      30062025000000000087135341001640000008568                0900000000000010100000000000000000000000000000000000000   000000000000000000000000004        170192477882     
0010001300164U 060000000000000000000000000000000000000000000000000000000000000000000000871350000000000871350000000000000000000000000000002706202530062025            000000000000000                              000                           
0010001300165T 0601897X0000000092096 24778829000008625   7000008625      30062025000000000017325237033970000008625                0900000000000010100000000000000000000000000000000000000   000000000000000000000000004        170192477882     
0010001300166U 060000000000000000000000000000000000000000000000000000000000000000000000173250000000000173250000000000000000000000000000002706202530062025            000000000000000                              000                           
0010001300167T 0601897X0000000092096 24778829000008638   7000008638      30062025000000000114169237033970000008638                0900000000000010100000000000000000000000000000000000000   000000000000000000000000004        170192477882     
0010001300168U 060000000000000000000000000000000000000000000000000000000000000000000001141690000000001141690000000000000000000000000000002706202530062025            000000000000000                              000                           
0010001300169T 1401897X0000000092096 24778822500000028   700000000000002804072025000000000461154001003409000000028                0900000000000000000000000000000000000000000000000000000   000000000000000000000000000        170192477882     
0010001300170U 140000000000000000000000000000000000000000000000000000000000000000000000000000000000000000000000000000000000000000000000002706202500000000            000000000000000                              000                           
0010001300171T 1401897X0000000092096 24778822500000374   700000000000037411072025000000000035132001004561000000374                0900000000000000000000000000000000000000000000000000000   000000000000000000000000000        170192477882     
0010001300172U 140000000000000000000000000000000000000000000000000000000000000000000000000000000000000000000000000000000000000000000000002706202500000000            000000000000000                              000                           
0010001300173T 1401897X0000000092096 24778822500000411   700000000000041104072025000000000032693001004561000000411                0900000000000000000000000000000000000000000000000000000   000000000000000000000000000        170192477882     
0010001300174U 140000000000000000000000000000000000000000000000000000000000000000000000000000000000000000000000000000000000000000000000002706202500000000            000000000000000                              000                           
0010001300175T 1401897X0000000092096 24778822500000425   700000000000042504072025000000000032113001043036000000425                0900000000000000000000000000000000000000000000000000000   000000000000000000000000000        170192477882     
0010001300176U 140000000000000000000000000000000000000000000000000000000000000000000000000000000000000000000000000000000000000000000000002706202500000000            000000000000000                              000                           
0010001300177T 1401897X0000000092096 24778822500000444   70000000000004441507202500000000003122200101849X000000444                0900000000000000000000000000000000000000000000000000000   000000000000000000000000000        170192477882     
0010001300178U 140000000000000000000000000000000000000000000000000000000000000000000000000000000000000000000000000000000000000000000000002706202500000000            000000000000000                              000                           
0010001300179T 1401897X0000000092096 24778822500000467   70000000000004670707202500000000003032000101849X000000467                0900000000000000000000000000000000000000000000000000000   000000000000000000000000000        170192477882     
0010001300180U 140000000000000000000000000000000000000000000000000000000000000000000000000000000000000000000000000000000000000000000000002706202500000000            000000000000000                              000                           
0010001300181T 1401897X0000000092096 24778822500000487   700000000000048704072025000000000029277001003018000000487                0900000000000000000000000000000000000000000000000000000   000000000000000000000000000        170192477882     
0010001300182U 140000000000000000000000000000000000000000000000000000000000000000000000000000000000000000000000000000000000000000000000002706202500000000            000000000000000                              000                           
0010001300183T 1401897X0000000092096 24778822500000499   700000000000049904072025000000000029277001007994000000499                0900000000000000000000000000000000000000000000000000000   000000000000000000000000000        170192477882     
0010001300184U 140000000000000000000000000000000000000000000000000000000000000000000000000000000000000000000000000000000000000000000000002706202500000000            000000000000000                              000                           
0010001300185T 1401897X0000000092096 24778822500000539   700000000000053904072025000000000028586001024171000000539                0900000000000000000000000000000000000000000000000000000   000000000000000000000000000        170192477882     
0010001300186U 140000000000000000000000000000000000000000000000000000000000000000000000000000000000000000000000000000000000000000000000002706202500000000            000000000000000                              000                           
0010001300187T 1401897X0000000092096 24778822500000551   700000000000055114072025000000000028073001003409000000551                0900000000000000000000000000000000000000000000000000000   000000000000000000000000000        170192477882     
0010001300188U 140000000000000000000000000000000000000000000000000000000000000000000000000000000000000000000000000000000000000000000000002706202500000000            000000000000000                              000                           
0010001300189T 1401897X0000000092096 24778822500000699   700000000000069904072025000000000023421001069833000000699                0900000000000000000000000000000000000000000000000000000   000000000000000000000000000        170192477882     
0010001300190U 140000000000000000000000000000000000000000000000000000000000000000000000000000000000000000000000000000000000000000000000002706202500000000            000000000000000                              000                           
0010001300191T 1401897X0000000092096 24778822500000710   700000000000071004072025000000000023235001003190000000710                0900000000000000000000000000000000000000000000000000000   000000000000000000000000000        170192477882     
0010001300192U 140000000000000000000000000000000000000000000000000000000000000000000000000000000000000000000000000000000000000000000000002706202500000000            000000000000000                              000                           
0010001300193T 1401897X0000000092096 24778822500000929   700000000000092904072025000000000014395001006998000000929                0900000000000000000000000000000000000000000000000000000   000000000000000000000000000        170192477882     
0010001300194U 140000000000000000000000000000000000000000000000000000000000000000000000000000000000000000000000000000000000000000000000002706202500000000            000000000000000                              000                           
0010001300195T 1401897X0000000092096 24778822500000986   700000000000098604072025000000000010540001026565000000986                0900000000000000000000000000000000000000000000000000000   000000000000000000000000000        170192477882     
0010001300196U 140000000000000000000000000000000000000000000000000000000000000000000000000000000000000000000000000000000000000000000000002706202500000000            000000000000000                              000                           
0010001300197T 1401897X0000000092096 24778822500001125   700000000000112504072025000000000027584001023248000001125                0900000000000000000000000000000000000000000000000000000   000000000000000000000000000        170192477882     
0010001300198U 140000000000000000000000000000000000000000000000000000000000000000000000000000000000000000000000000000000000000000000000002706202500000000            000000000000000                              000                           
0010001300199T 1401897X0000000092096 24778822500001151   700000000000115104072025000000000026927001004154000001151                0900000000000000000000000000000000000000000000000000000   000000000000000000000000000        170192477882     
0010001300200U 140000000000000000000000000000000000000000000000000000000000000000000000000000000000000000000000000000000000000000000000002706202500000000            000000000000000                              000                           
0010001300201T 1401897X0000000092096 24778822500001543   70000000000015430407202500000000002604300101513X000001543                0900000000000000000000000000000000000000000000000000000   000000000000000000000000000        170192477882     
0010001300202U 140000000000000000000000000000000000000000000000000000000000000000000000000000000000000000000000000000000000000000000000002706202500000000            000000000000000                              000                           
0010001300203T 1401897X0000000092096 24778822500001624   700000000000162404072025000000000024397001003018000001624                0900000000000000000000000000000000000000000000000000000   000000000000000000000000000        170192477882     
0010001300204U 140000000000000000000000000000000000000000000000000000000000000000000000000000000000000000000000000000000000000000000000002706202500000000            000000000000000                              000                           
0010001300205T 1401897X0000000092096 24778822500001666   700000000000166604072025000000000024397001024171000001666                0900000000000000000000000000000000000000000000000000000   000000000000000000000000000        170192477882     
0010001300206U 140000000000000000000000000000000000000000000000000000000000000000000000000000000000000000000000000000000000000000000000002706202500000000            000000000000000                              000                           
0010001300207T 1401897X0000000092096 24778822500001684   700000000000168404072025000000000024160001009946000001684                0900000000000000000000000000000000000000000000000000000   000000000000000000000000000        170192477882     
0010001300208U 140000000000000000000000000000000000000000000000000000000000000000000000000000000000000000000000000000000000000000000000002706202500000000            000000000000000                              000                           
0010001300209T 1401897X0000000092096 24778822500001732   700000000000173204072025000000000023462001003190000001732                0900000000000000000000000000000000000000000000000000000   000000000000000000000000000        170192477882     
0010001300210U 140000000000000000000000000000000000000000000000000000000000000000000000000000000000000000000000000000000000000000000000002706202500000000            000000000000000                              000                           
0010001300211T 1401897X0000000092096 24778822500001831   700000000000183104072025000000000022184001003409000001831                0900000000000000000000000000000000000000000000000000000   000000000000000000000000000        170192477882     
0010001300212U 140000000000000000000000000000000000000000000000000000000000000000000000000000000000000000000000000000000000000000000000002706202500000000            000000000000000                              000                           
0010001300213T 1401897X0000000092096 24778822500001966   700000000000196604072025000000000020271001003409000001966                0900000000000000000000000000000000000000000000000000000   000000000000000000000000000        170192477882     
0010001300214U 140000000000000000000000000000000000000000000000000000000000000000000000000000000000000000000000000000000000000000000000002706202500000000            000000000000000                              000                           
0010001300215T 1401897X0000000092096 24778822500002258   700000000000225804072025000000000021677001022004000002258                0900000000000000000000000000000000000000000000000000000   000000000000000000000000000        170192477882     
0010001300216U 140000000000000000000000000000000000000000000000000000000000000000000000000000000000000000000000000000000000000000000000002706202500000000            000000000000000                              000                           
0010001300217T 1401897X0000000092096 24778822500002718   700000000000271804072025000000000020629001023248000002718                0900000000000000000000000000000000000000000000000000000   000000000000000000000000000        170192477882     
0010001300218U 140000000000000000000000000000000000000000000000000000000000000000000000000000000000000000000000000000000000000000000000002706202500000000            000000000000000                              000                           
0010001300219T 1401897X0000000092096 24778822500002959   70000000000029590407202500000000002195500101849X000002959                0900000000000000000000000000000000000000000000000000000   000000000000000000000000000        170192477882     
0010001300220U 140000000000000000000000000000000000000000000000000000000000000000000000000000000000000000000000000000000000000000000000002706202500000000            000000000000000                              000                           
0010001300221T 1401897X0000000092096 24778822500003109   700000000000310904072025000000000021032001000566000003109                0900000000000000000000000000000000000000000000000000000   000000000000000000000000000        170192477882     
0010001300222U 140000000000000000000000000000000000000000000000000000000000000000000000000000000000000000000000000000000000000000000000002706202500000000            000000000000000                              000                           
0010001300223T 1401897X0000000092096 24778822500003211   700000000000321104072025000000000020220001024171000003211                0900000000000000000000000000000000000000000000000000000   000000000000000000000000000        170192477882     
0010001300224U 140000000000000000000000000000000000000000000000000000000000000000000000000000000000000000000000000000000000000000000000002706202500000000            000000000000000                              000                           
0010001300225T 1401897X0000000092096 24778822500003987   70000000000039870407202500000000021811300101849X000003987                0900000000000000000000000000000000000000000000000000000   000000000000000000000000000        170192477882     
0010001300226U 140000000000000000000000000000000000000000000000000000000000000000000000000000000000000000000000000000000000000000000000002706202500000000            000000000000000                              000                           
0010001300227T 1401897X0000000092096 24778822500004351   700000000000435104072025000000000125474001003409000004351                0900000000000000000000000000000000000000000000000000000   000000000000000000000000000        170192477882     
0010001300228U 140000000000000000000000000000000000000000000000000000000000000000000000000000000000000000000000000000000000000000000000002706202500000000            000000000000000                              000                           
0010001300229T 1401897X0000000092096 24778822500004575   70000000000045750407202500000000010430600101849X000004575                0900000000000000000000000000000000000000000000000000000   000000000000000000000000000        170192477882     
0010001300230U 140000000000000000000000000000000000000000000000000000000000000000000000000000000000000000000000000000000000000000000000002706202500000000            000000000000000                              000                           
0010001300231T 1401897X0000000092096 24778822500004631   700000000000463104072025000000000096614001004561000004631                0900000000000000000000000000000000000000000000000000000   000000000000000000000000000        170192477882     
0010001300232U 140000000000000000000000000000000000000000000000000000000000000000000000000000000000000000000000000000000000000000000000002706202500000000            000000000000000                              000                           
0010001300233T 1401897X0000000092096 24778822500004680   700000000000468004072025000000000092889001009903000004680                0900000000000000000000000000000000000000000000000000000   000000000000000000000000000        170192477882     
0010001300234U 140000000000000000000000000000000000000000000000000000000000000000000000000000000000000000000000000000000000000000000000002706202500000000            000000000000000                              000                           
0010001300235T 1401897X0000000092096 24778822500005807   700000000000580704072025000000000047050001001678000005807                0900000000000000000000000000000000000000000000000000000   000000000000000000000000000        170192477882     
0010001300236U 140000000000000000000000000000000000000000000000000000000000000000000000000000000000000000000000000000000000000000000000002706202500000000            000000000000000                              000                           
0010001300237T 1401897X0000000092096 24778822500005940   700000000000594004072025000000000042872001026565000005940                0900000000000000000000000000000000000000000000000000000   000000000000000000000000000        170192477882     
0010001300238U 140000000000000000000000000000000000000000000000000000000000000000000000000000000000000000000000000000000000000000000000002706202500000000            000000000000000                              000                           
0010001300239T 1401897X0000000092096 24778822500006108   700000000000610804072025000000000041237001001724000006108                0900000000000000000000000000000000000000000000000000000   000000000000000000000000000        170192477882     
0010001300240U 140000000000000000000000000000000000000000000000000000000000000000000000000000000000000000000000000000000000000000000000002706202500000000            000000000000000                              000                           
0010001300241T 1401897X0000000092096 24778822500006395   700000000000639504072025000000000035761001069833000006395                0900000000000000000000000000000000000000000000000000000   000000000000000000000000000        170192477882     
0010001300242U 140000000000000000000000000000000000000000000000000000000000000000000000000000000000000000000000000000000000000000000000002706202500000000            000000000000000                              000                           
0010001300243T 1401897X0000000092096 24778822500006766   700000000000676630062025000000000032272001069833000006766                0900000000000000000000000000000000000000000000000000000   000000000000000000000000000        170192477882     
0010001300244U 140000000000000000000000000000000000000000000000000000000000000000000000000000000000000000000000000000000000000000000000002706202500000000            000000000000000                              000                           
0010001300245T 1401897X0000000092096 24778822500007487   70000000000074871107202500000000002445000101821X000007487                0900000000000000000000000000000000000000000000000000000   000000000000000000000000000        170192477882     
0010001300246U 140000000000000000000000000000000000000000000000000000000000000000000000000000000000000000000000000000000000000000000000002706202500000000            000000000000000                              000                           
0010001300247T 1401897X0000000092096 24778822500007543   70000000000075430407202500000000002409300101849X000007543                0900000000000000000000000000000000000000000000000000000   000000000000000000000000000        170192477882     
0010001300248U 140000000000000000000000000000000000000000000000000000000000000000000000000000000000000000000000000000000000000000000000002706202500000000            000000000000000                              000                           
0010001300249T 1401897X0000000092096 24778822500007592   700000000000759230062025000000000023057001014753000007592                0900000000000000000000000000000000000000000000000000000   000000000000000000000000000        170192477882     
0010001300250U 140000000000000000000000000000000000000000000000000000000000000000000000000000000000000000000000000000000000000000000000002706202500000000            000000000000000                              000                           
0010001300251T 1401897X0000000092096 24778822500008040   700000000000804004072025000000000020078001003409000008040                0900000000000000000000000000000000000000000000000000000   000000000000000000000000000        170192477882     
0010001300252U 140000000000000000000000000000000000000000000000000000000000000000000000000000000000000000000000000000000000000000000000002706202500000000            000000000000000                              000                           
00100015         000254007749000000020755960360000000000000000000000000000000000000000000000000000000000000000000000000000000000000000000000000000                                                                                              
00199999         000001000256000000                                                                                                                                                            00000000000000000000000000000                    
