00100000         2115139610001160024778820014       01897X0000000092096 FUNDACAO AGENCIA DAS BACIAS HIBANCO DO BRASIL                         20309202502043300620903000000829973081PROCESSAMEN                                                 
00100011T0100020 20115139610001160024778820014       01897X0000000092096 FUNDACAO AGENCIA DAS BACIAS HI                                                                                000000000309202500000000  000000000                      
0010001300001T 0201897X0000000092096 24778829000008852   7000008852      30092025000000000121547001069833000008852                0900000000000010000000000000000000000000000000000000000   0000000000000000000000519A9        170192477882     
0010001300002U 020000000000000000000000000000000000000000000000000000000000000000000000000000000000000000000000000000000000000000000000000309202500000000            000000000000000                              000                           
0010001300003T 0201897X0000000092096 24778829000008853   7000008853      30092025000000000034613001020125000008853                0900000000000010500000000000000000000000000000000000000   0000000000000000000000519A9A4      170192477882     
0010001300004U 020000000000000000000000000000000000000000000000000000000000000000000000000000000000000000000000000000000000000000000000000309202500000000            000000000000000                              000                           
0010001300005T 0201897X0000000092096 24778829000008854   7000008854      30092025000000000065196001069833000008854                0900000000000010500000000000000000000000000000000000000   0000000000000000000000519A9A4      170192477882     
0010001300006U 020000000000000000000000000000000000000000000000000000000000000000000000000000000000000000000000000000000000000000000000000309202500000000            000000000000000                              000                           
0010001300007T 0201897X0000000092096 24778829000008855   7000008855      30092025000000000123378001043036000008855                0900000000000010500000000000000000000000000000000000000   0000000000000000000000519A9A4      170192477882     
0010001300008U 020000000000000000000000000000000000000000000000000000000000000000000000000000000000000000000000000000000000000000000000000309202500000000            000000000000000                              000                           
0010001300009T 0601897X0000000092096 24778822500001993   700000000000199330092025000000000024926033030750000001993                0900000000000010100000000000000000000000000000000000000   000000000000000000000000004        170192477882     
0010001300010U 060000000000000000000000000000000000000000000000000000000000000000000000249260000000000249260000000000000000000000000000000309202504092025            000000000000000                              000                           
0010001300011T 0601897X0000000092096 24778822500002421   700000000000242130092025000000000020173033002850000002421                0900000000000010100000000000000000000000000000000000000   000000000000000000000000004        170192477882     
0010001300012U 060000000000000000000000000000000000000000000000000000000000000000000000201730000000000201730000000000000000000000000000000309202504092025            000000000000000                              000                           
0010001300013T 0601897X0000000092096 24778822500002550   700000000000255029082025000000000022836001007994000002550                0900000000000010040000000000000000000000000000000000000   000000000000000000000000034        170192477882     
0010001300014U 060000000000004940000000000000000000000000000000000000000000000000000000233300000000000233300000000000000000000000000000000309202504092025            000000000000000                              000                           
0010001300015T 0601897X0000000092096 24778822500003479   700000000000347930092025000000001293176033002850000003479                0900000000000010100000000000000000000000000000000000000   000000000000000000000000004        170192477882     
0010001300016U 060000000000000000000000000000000000000000000000000000000000000000000012931760000000012931760000000000000000000000000000000309202504092025            000000000000000                              000                           
0010001300017T 0601897X0000000092096 24778822500003486   700000000000348630092025000000001225190341018280000003486                0900000000000010100000000000000000000000000000000000000   000000000000000000000000004        170192477882     
0010001300018U 060000000000000000000000000000000000000000000000000000000000000000000012251900000000012251900000000000000000000000000000000309202504092025            000000000000000                              000                           
0010001300019T 0601897X0000000092096 24778822500003514   700000000000351430092025000000000954923033002850000003514                0900000000000010100000000000000000000000000000000000000   000000000000000000000000004        170192477882     
0010001300020U 060000000000000000000000000000000000000000000000000000000000000000000009549230000000009549230000000000000000000000000000000309202504092025            000000000000000                              000                           
0010001300021T 0601897X0000000092096 24778822500003612   700000000000361230092025000000000627070033002850000003612                0900000000000010100000000000000000000000000000000000000   000000000000000000000000004        170192477882     
0010001300022U 060000000000000000000000000000000000000000000000000000000000000000000006270700000000006270700000000000000000000000000000000309202504092025            000000000000000                              000                           
0010001300023T 0601897X0000000092096 24778822500004158   700000000000415830092025000000000173184341042780000004158                0900000000000010100000000000000000000000000000000000000   000000000000000000000000004        170192477882     
0010001300024U 060000000000000000000000000000000000000000000000000000000000000000000001731840000000001731840000000000000000000000000000000309202504092025            000000000000000                              000                           
0010001300025T 0601897X0000000092096 24778822500005369   700000000000536930092025000000000060226237029350000005369                0900000000000010100000000000000000000000000000000000000   000000000000000000000000004        170192477882     
0010001300026U 060000000000000000000000000000000000000000000000000000000000000000000000602260000000000602260000000000000000000000000000000309202504092025            000000000000000                              000                           
0010001300027T 0601897X0000000092096 24778822500005893   700000000000589329082025000000000043915001020125000005893                0900000000000010040000000000000000000000000000000000000   000000000000000000000000034        170192477882     
0010001300028U 060000000000009510000000000000000000000000000000000000000000000000000000448660000000000448660000000000000000000000000000000309202504092025            000000000000000                              000                           
0010001300029T 0601897X0000000092096 24778822500006370   700000000000637030092025000000000036506033033770000006370                0900000000000010100000000000000000000000000000000000000   000000000000000000000000004        170192477882     
0010001300030U 060000000000000000000000000000000000000000000000000000000000000000000000365060000000000365060000000000000000000000000000000309202504092025            000000000000000                              000                           
0010001300031T 0601897X0000000092096 24778822500007587   700000000000758729082025000000000023258341074700000007587                0900000000000010100000000000000000000000000000000000000   000000000000000000000000004        170192477882     
0010001300032U 060000000000005030000000000000000000000000000000000000000000000000000000237610000000000237610000000000000000000000000000000309202504092025            000000000000000                              000                           
0010001300033T 0601897X0000000092096 24778829000008646   7000008646      29082025000000000060242341074700000008646                0900000000000010100000000000000000000000000000000000000   000000000000000000000000004        170192477882     
0010001300034U 060000000000013040000000000000000000000000000000000000000000000000000000615460000000000615460000000000000000000000000000000309202504092025            000000000000000                              000                           
0010001300035T 0601897X0000000092096 24778829000008809   7000008809      29082025000000000158634237033670000008809                0900000000000010100000000000000000000000000000000000000   000000000000000000000000004        170192477882     
0010001300036U 060000000000034360000000000000000000000000000000000000000000000000000001620700000000001620700000000000000000000000000000000309202504092025            000000000000000                              000                           
0010001300037T 0601897X0000000092096 24778829000008827   7000008827      30092025000000000040524745000010000008827                0900000000000010100000000000000000000000000000000000000   000000000000000000000000004        170192477882     
0010001300038U 060000000000000000000000000000000000000000000000000000000000000000000000405240000000000405240000000000000000000000000000000309202504092025            000000000000000                              000                           
0010001300039T 0601897X0000000092096 24778829000008844   7000008844      30092025000000000061603341000280000008844                0900000000000010100000000000000000000000000000000000000   000000000000000000000000004        170192477882     
0010001300040U 060000000000000000000000000000000000000000000000000000000000000000000000616030000000000616030000000000000000000000000000000309202504092025            000000000000000                              000                           
00100015         000042003879000000011650318190000000000000000000000000000000000000000000000000000000000000000000000000000000000000000000000000000                                                                                              
00199999         000001000044000000                                                                                                                                                            00000000000000000000000000000                    
