00100000         2115139610001160024778820014       01897X0000000092096 FUNDACAO AGENCIA DAS BACIAS HIBANCO DO BRASIL                         21504202502154000602003000000829973081PROCESSAMEN                                                 
00100011T0100020 20115139610001160024778820014       01897X0000000092096 FUNDACAO AGENCIA DAS BACIAS HI                                                                                000000001504202500000000  000000000                      
0010001300001T 0201897X0000000092096 24778829000008543   7000008543      30042025000000000771971001023248000008543                0900000000000010500000000000000000000000000000000000000   0000000000000000000000519A9A4      170192477882     
0010001300002U 020000000000000000000000000000000000000000000000000000000000000000000000000000000000000000000000000000000000000000000000001504202500000000            000000000000000                              000                           
0010001300003T 0201897X0000000092096 24778829000008544   7000008544      30042025000000000166999001003190000008544                0900000000000010000000000000000000000000000000000000000   0000000000000000000000519A9        170192477882     
0010001300004U 020000000000000000000000000000000000000000000000000000000000000000000000000000000000000000000000000000000000000000000000001504202500000000            000000000000000                              000                           
0010001300005T 0201897X0000000092096 24778829000008545   7000008545      30052025000000000166999001003190000008545                0900000000000010000000000000000000000000000000000000000   0000000000000000000000519A9        170192477882     
0010001300006U 020000000000000000000000000000000000000000000000000000000000000000000000000000000000000000000000000000000000000000000000001504202500000000            000000000000000                              000                           
0010001300007T 0201897X0000000092096 24778829000008546   7000008546      30062025000000000166999001003190000008546                0900000000000010000000000000000000000000000000000000000   0000000000000000000000519A9        170192477882     
0010001300008U 020000000000000000000000000000000000000000000000000000000000000000000000000000000000000000000000000000000000000000000000001504202500000000            000000000000000                              000                           
0010001300009T 0201897X0000000092096 24778829000008547   7000008547      31072025000000000166999001003190000008547                0900000000000010000000000000000000000000000000000000000   0000000000000000000000519A9        170192477882     
0010001300010U 020000000000000000000000000000000000000000000000000000000000000000000000000000000000000000000000000000000000000000000000001504202500000000            000000000000000                              000                           
0010001300011T 0201897X0000000092096 24778829000008548   7000008548      30042025000000000365312001003409000008548                0900000000000010000000000000000000000000000000000000000   0000000000000000000000519A9        170192477882     
0010001300012U 020000000000000000000000000000000000000000000000000000000000000000000000000000000000000000000000000000000000000000000000001504202500000000            000000000000000                              000                           
00100015         000014000056000000000435556700000000000000000000000000000000000000000000000000000000000000000000000000000000000000000000000000000                                                                                              
00199999         000001000016000000                                                                                                                                                            00000000000000000000000000000                    
