00100000         2115139610001160024778820014       01897X0000000092096 FUNDACAO AGENCIA DAS BACIAS HIBANCO DO BRASIL                         22006202502070400610303000000829973081PROCESSAMEN                                                 
00100011T0100020 20115139610001160024778820014       01897X0000000092096 FUNDACAO AGENCIA DAS BACIAS HI                                                                                000000002006202500000000  000000000                      
0010001300001T 0601897X0000000092096 24778822500000157   700000000000015730062025000000000090039341000250000000157                0900000000000010100000000000000000000000000000000000000   000000000000000000000000004        170192477882     
0010001300002U 060000000000000000000000000000000000000000000000000000000000000000000000900390000000000900390000000000000000000000000000002006202523062025            000000000000000                              000                           
0010001300003T 0601897X0000000092096 24778822500000178   700000000000017830062025000000000073777341007920000000178                0900000000000010100000000000000000000000000000000000000   000000000000000000000000004        170192477882     
0010001300004U 060000000000000000000000000000000000000000000000000000000000000000000000737770000000000737770000000000000000000000000000002006202523062025            000000000000000                              000                           
0010001300005T 0601897X0000000092096 24778822500000295   700000000000029530062025000000000038938341009100000000295                0900000000000010100000000000000000000000000000000000000   000000000000000000000000004        170192477882     
0010001300006U 060000000000000000000000000000000000000000000000000000000000000000000000389380000000000389380000000000000000000000000000002006202523062025            000000000000000                              000                           
0010001300007T 0601897X0000000092096 24778822500000817   700000000000081730062025000000000019316341074430000000817                0900000000000010100000000000000000000000000000000000000   000000000000000000000000004        170192477882     
0010001300008U 060000000000000000000000000000000000000000000000000000000000000000000000193160000000000193160000000000000000000000000000002006202523062025            000000000000000                              000                           
0010001300009T 0601897X0000000092096 24778822500001231   700000000000123130062025000000000025152341009100000001231                0900000000000010100000000000000000000000000000000000000   000000000000000000000000004        170192477882     
0010001300010U 060000000000000000000000000000000000000000000000000000000000000000000000251520000000000251520000000000000000000000000000002006202523062025            000000000000000                              000                           
0010001300011T 0601897X0000000092096 24778822500001239   700000000000123930062025000000000025031341006800000001239                0900000000000010100000000000000000000000000000000000000   000000000000000000000000004        170192477882     
0010001300012U 060000000000000000000000000000000000000000000000000000000000000000000000250310000000000250310000000000000000000000000000002006202523062025            000000000000000                              000                           
0010001300013T 0601897X0000000092096 24778822500001240   700000000000124031072025000000000025032341006800000001240                0900000000000010100000000000000000000000000000000000000   000000000000000000000000004        170192477882     
0010001300014U 060000000000000000000000000000000000000000000000000000000000000000000000250320000000000250320000000000000000000000000000002006202523062025            000000000000000                              000                           
0010001300015T 0601897X0000000092096 24778822500001786   700000000000178630062025000000000023023341026900000001786                0900000000000010100000000000000000000000000000000000000   000000000000000000000000004        170192477882     
0010001300016U 060000000000000000000000000000000000000000000000000000000000000000000000230230000000000230230000000000000000000000000000002006202523062025            000000000000000                              000                           
0010001300017T 0601897X0000000092096 24778822500001990   700000000000199030062025000000000024924033030750000001990                0900000000000010100000000000000000000000000000000000000   000000000000000000000000004        170192477882     
0010001300018U 060000000000000000000000000000000000000000000000000000000000000000000000249240000000000249240000000000000000000000000000002006202523062025            000000000000000                              000                           
0010001300019T 0601897X0000000092096 24778822500003259   700000000000325930062025000000054920625001030708000003259                0900000000000010090000000000000000000000000000000000000   000000000000000000000000006        170192477882     
0010001300020U 060000000000000000000000000000000000000000000000000000000000000000000549206250000000549206250000000000000000000000000000002006202523062025            000000000000000                              000                           
0010001300021T 0601897X0000000092096 24778822500003476   700000000000347630062025000000001293176033002850000003476                0900000000000010100000000000000000000000000000000000000   000000000000000000000000004        170192477882     
0010001300022U 060000000000000000000000000000000000000000000000000000000000000000000012931760000000012931760000000000000000000000000000002006202523062025            000000000000000                              000                           
0010001300023T 0601897X0000000092096 24778822500003609   700000000000360930062025000000000627070033002850000003609                0900000000000010100000000000000000000000000000000000000   000000000000000000000000004        170192477882     
0010001300024U 060000000000000000000000000000000000000000000000000000000000000000000006270700000000006270700000000000000000000000000000002006202523062025            000000000000000                              000                           
0010001300025T 0601897X0000000092096 24778822500006010   700000000000601030062025000000000041823237013400000006010                0900000000000010100000000000000000000000000000000000000   000000000000000000000000004        170192477882     
0010001300026U 060000000000000000000000000000000000000000000000000000000000000000000000418230000000000418230000000000000000000000000000002006202523062025            000000000000000                              000                           
0010001300027T 0601897X0000000092096 24778822500006087   700000000000608730062025000000000041404001045659000006087                0900000000000010060000000000000000000000000000000000000   000000000000000000000000033        170192477882     
0010001300028U 060000000000000000000000000000000000000000000000000000000000000000000000414040000000000414040000000000000000000000000000002006202523062025            000000000000000                              000                           
0010001300029T 0601897X0000000092096 24778822500006283   700000000000628330062025000000000037644341008970000006283                0900000000000010100000000000000000000000000000000000000   000000000000000000000000004        170192477882     
0010001300030U 060000000000000000000000000000000000000000000000000000000000000000000000376440000000000376440000000000000000000000000000002006202523062025            000000000000000                              000                           
0010001300031T 0601897X0000000092096 24778822500006535   700000000000653530062025000000000033890237001870000006535                0900000000000010100000000000000000000000000000000000000   000000000000000000000000004        170192477882     
0010001300032U 060000000000000000000000000000000000000000000000000000000000000000000000338900000000000338900000000000000000000000000000002006202523062025            000000000000000                              000                           
00100015         000034008023000000020982507120000000000000000000000000000000000000000000000000000000000000000000000000000000000000000000000000000                                                                                              
00199999         000001000036000000                                                                                                                                                            00000000000000000000000000000                    
