00100000         2115139610001160024778820014       01897X0000000092096 FUNDACAO AGENCIA DAS BACIAS HIBANCO DO BRASIL                         22306202502111300610503000000829973081PROCESSAMEN                                                 
00100011T0100020 20115139610001160024778820014       01897X0000000092096 FUNDACAO AGENCIA DAS BACIAS HI                                                                                000000002306202500000000  000000000                      
0010001300001T 0201897X0000000092096 24778829000008636   7000008636      30062025000000000048080001003409000008636                0900000000000010500000000000000000000000000000000000000   0000000000000000000000519A9A4      170192477882     
0010001300002U 020000000000000000000000000000000000000000000000000000000000000000000000000000000000000000000000000000000000000000000000002306202500000000            000000000000000                              000                           
0010001300003T 0201897X0000000092096 24778829000008637   7000008637      30062025000000000194697001003409000008637                0900000000000010500000000000000000000000000000000000000   0000000000000000000000519A9A4      170192477882     
0010001300004U 020000000000000000000000000000000000000000000000000000000000000000000000000000000000000000000000000000000000000000000000002306202500000000            000000000000000                              000                           
0010001300005T 0201897X0000000092096 24778829000008638   7000008638      30062025000000000114169001023248000008638                0900000000000010500000000000000000000000000000000000000   0000000000000000000000519A9A4      170192477882     
0010001300006U 020000000000000000000000000000000000000000000000000000000000000000000000000000000000000000000000000000000000000000000000002306202500000000            000000000000000                              000                           
0010001300007T 0201897X0000000092096 24778829000008639   7000008639      3006202500000000004874700100216X000008639                0900000000000010500000000000000000000000000000000000000   0000000000000000000000519A9A4      170192477882     
0010001300008U 020000000000000000000000000000000000000000000000000000000000000000000000000000000000000000000000000000000000000000000000002306202500000000            000000000000000                              000                           
0010001300009T 0201897X0000000092096 24778829000008640   7000008640      30062025000000000047031001045888000008640                0900000000000010500000000000000000000000000000000000000   0000000000000000000000519A9A4      170192477882     
0010001300010U 020000000000000000000000000000000000000000000000000000000000000000000000000000000000000000000000000000000000000000000000002306202500000000            000000000000000                              000                           
0010001300011T 0201897X0000000092096 24778829000008641   7000008641      3006202500000000030916800101849X000008641                0900000000000010500000000000000000000000000000000000000   0000000000000000000000519A9A4      170192477882     
0010001300012U 020000000000000000000000000000000000000000000000000000000000000000000000000000000000000000000000000000000000000000000000002306202500000000            000000000000000                              000                           
0010001300013T 0601897X0000000092096 24778822500000098   700000000000009830062025000000000151842341064480000000098                0900000000000010100000000000000000000000000000000000000   000000000000000000000000004        170192477882     
0010001300014U 060000000000000000000000000000000000000000000000000000000000000000000001518420000000001518420000000000000000000000000000002306202524062025            000000000000000                              000                           
0010001300015T 0601897X0000000092096 24778822500000166   700000000000016630062025000000000087830341074480000000166                0900000000000010100000000000000000000000000000000000000   000000000000000000000000004        170192477882     
0010001300016U 060000000000000000000000000000000000000000000000000000000000000000000000878300000000000878300000000000000000000000000000002306202524062025            000000000000000                              000                           
0010001300017T 0601897X0000000092096 24778822500000361   700000000000036130062025000000000035468033002980000000361                0900000000000010100000000000000000000000000000000000000   000000000000000000000000004        170192477882     
0010001300018U 060000000000000000000000000000000000000000000000000000000000000000000000354680000000000354680000000000000000000000000000002306202524062025            000000000000000                              000                           
0010001300019T 0601897X0000000092096 24778822500000427   700000000000042730062025000000000032073237024750000000427                0900000000000010100000000000000000000000000000000000000   000000000000000000000000004        170192477882     
0010001300020U 060000000000000000000000000000000000000000000000000000000000000000000000320730000000000320730000000000000000000000000000002306202524062025            000000000000000                              000                           
0010001300021T 0601897X0000000092096 24778822500000639   700000000000063930062025000000000025026001028576000000639                0900000000000010040000000000000000000000000000000000000   000000000000000000000000034        170192477882     
0010001300022U 060000000000000000000000000000000000000000000000000000000000000000000000250260000000000250260000000000000000000000000000002306202524062025            000000000000000                              000                           
0010001300023T 0601897X0000000092096 24778822500000769   700000000000076930062025000000000021472341000300000000769                0900000000000010100000000000000000000000000000000000000   000000000000000000000000004        170192477882     
0010001300024U 060000000000000000000000000000000000000000000000000000000000000000000000214720000000000214720000000000000000000000000000002306202524062025            000000000000000                              000                           
0010001300025T 0601897X0000000092096 24778822500000900   700000000000090030062025000000000015694237000460000000900                0900000000000010100000000000000000000000000000000000000   000000000000000000000000004        170192477882     
0010001300026U 060000000000000000000000000000000000000000000000000000000000000000000000156940000000000156940000000000000000000000000000002306202524062025            000000000000000                              000                           
0010001300027T 0601897X0000000092096 24778822500001015   700000000000101530062025000000000004714341006800000001015                0900000000000010100000000000000000000000000000000000000   000000000000000000000000004        170192477882     
0010001300028U 060000000000000000000000000000000000000000000000000000000000000000000000047140000000000047140000000000000000000000000000002306202524062025            000000000000000                              000                           
0010001300029T 0601897X0000000092096 24778822500001029   700000000000102930062025000000000029642033032460000001029                0900000000000010100000000000000000000000000000000000000   000000000000000000000000004        170192477882     
0010001300030U 060000000000000000000000000000000000000000000000000000000000000000000000296420000000000296420000000000000000000000000000002306202524062025            000000000000000                              000                           
0010001300031T 0601897X0000000092096 24778822500001091   700000000000109130062025000000000029214237001510000001091                0900000000000010100000000000000000000000000000000000000   000000000000000000000000004        170192477882     
0010001300032U 060000000000000000000000000000000000000000000000000000000000000000000000292140000000000292140000000000000000000000000000002306202524062025            000000000000000                              000                           
0010001300033T 0601897X0000000092096 24778822500001323   700000000000132330062025000000000022977237033100000001323                0900000000000010100000000000000000000000000000000000000   000000000000000000000000004        170192477882     
0010001300034U 060000000000000000000000000000000000000000000000000000000000000000000000229770000000000229770000000000000000000000000000002306202524062025            000000000000000                              000                           
0010001300035T 0601897X0000000092096 24778822500001459   700000000000145930062025000000000021225237077480000001459                0900000000000010100000000000000000000000000000000000000   000000000000000000000000004        170192477882     
0010001300036U 060000000000000000000000000000000000000000000000000000000000000000000000212250000000000212250000000000000000000000000000002306202524062025            000000000000000                              000                           
0010001300037T 0601897X0000000092096 24778822500001537   700000000000153730062025000000000026348104039660000001537                0900000000000010100000000000000000000000000000000000000   000000000000000000000000004        170192477882     
0010001300038U 060000000000000000000000000000000000000000000000000000000000000000000000263480000000000263480000000000000000000000000000002306202524062025            000000000000000                              000                           
0010001300039T 0601897X0000000092096 24778822500001597   700000000000159730062025000000000024913104024720000001597                0900000000000010100000000000000000000000000000000000000   000000000000000000000000004        170192477882     
0010001300040U 060000000000000000000000000000000000000000000000000000000000000000000000249130000000000249130000000000000000000000000000002306202524062025            000000000000000                              000                           
0010001300041T 0601897X0000000092096 24778822500001598   700000000000159831072025000000000024913104024720000001598                0900000000000010100000000000000000000000000000000000000   000000000000000000000000004        170192477882     
0010001300042U 060000000000000000000000000000000000000000000000000000000000000000000000249130000000000249130000000000000000000000000000002306202524062025            000000000000000                              000                           
0010001300043T 0601897X0000000092096 24778822500001599   700000000000159929082025000000000024913104024720000001599                0900000000000010100000000000000000000000000000000000000   000000000000000000000000004        170192477882     
0010001300044U 060000000000000000000000000000000000000000000000000000000000000000000000249130000000000249130000000000000000000000000000002306202524062025            000000000000000                              000                           
0010001300045T 0601897X0000000092096 24778822500002513   700000000000251330062025000000000023362341009100000002513                0900000000000010100000000000000000000000000000000000000   000000000000000000000000004        170192477882     
0010001300046U 060000000000000000000000000000000000000000000000000000000000000000000000233620000000000233620000000000000000000000000000002306202524062025            000000000000000                              000                           
0010001300047T 0601897X0000000092096 24778822500002553   700000000000255330062025000000000022719237012960000002553                0900000000000010100000000000000000000000000000000000000   000000000000000000000000004        170192477882     
0010001300048U 060000000000000000000000000000000000000000000000000000000000000000000000227190000000000227190000000000000000000000000000002306202524062025            000000000000000                              000                           
0010001300049T 0601897X0000000092096 24778822500002658   700000000000265830062025000000000021372341087690000002658                0900000000000010100000000000000000000000000000000000000   000000000000000000000000004        170192477882     
0010001300050U 060000000000000000000000000000000000000000000000000000000000000000000000213720000000000213720000000000000000000000000000002306202524062025            000000000000000                              000                           
0010001300051T 0601897X0000000092096 24778822500003205   700000000000320530062025000000000020248104040830000003205                0900000000000010100000000000000000000000000000000000000   000000000000000000000000004        170192477882     
0010001300052U 060000000000000000000000000000000000000000000000000000000000000000000000202480000000000202480000000000000000000000000000002306202524062025            000000000000000                              000                           
0010001300053T 0601897X0000000092096 24778822500003235   700000000000323530062025000000000020111341002770000003235                0900000000000010100000000000000000000000000000000000000   000000000000000000000000004        170192477882     
0010001300054U 060000000000000000000000000000000000000000000000000000000000000000000000201110000000000201110000000000000000000000000000002306202524062025            000000000000000                              000                           
0010001300055T 0601897X0000000092096 24778822500003490   700000000000349030062025000000001161678104030800000003490                0900000000000010100000000000000000000000000000000000000   000000000000000000000000004        170192477882     
0010001300056U 060000000000000000000000000000000000000000000000000000000000000000000011616780000000011616780000000000000000000000000000002306202524062025            000000000000000                              000                           
0010001300057T 0601897X0000000092096 24778822500004155   700000000000415530062025000000000173181341042780000004155                0900000000000010100000000000000000000000000000000000000   000000000000000000000000004        170192477882     
0010001300058U 060000000000000000000000000000000000000000000000000000000000000000000001731810000000001731810000000000000000000000000000002306202524062025            000000000000000                              000                           
0010001300059T 0601897X0000000092096 24778822500004274   700000000000427430062025000000000142200341001690000004274                0900000000000010100000000000000000000000000000000000000   000000000000000000000000004        170192477882     
0010001300060U 060000000000000000000000000000000000000000000000000000000000000000000001422000000000001422000000000000000000000000000000002306202524062025            000000000000000                              000                           
0010001300061T 0601897X0000000092096 24778822500004554   700000000000455430062025000000000104562341001690000004554                0900000000000010100000000000000000000000000000000000000   000000000000000000000000004        170192477882     
0010001300062U 060000000000000000000000000000000000000000000000000000000000000000000001045620000000001045620000000000000000000000000000002306202524062025            000000000000000                              000                           
0010001300063T 0601897X0000000092096 24778822500004673   700000000000467330062025000000000093119341009100000004673                0900000000000010100000000000000000000000000000000000000   000000000000000000000000004        170192477882     
0010001300064U 060000000000000000000000000000000000000000000000000000000000000000000000931190000000000931190000000000000000000000000000002306202524062025            000000000000000                              000                           
0010001300065T 0601897X0000000092096 24778822500004960   700000000000496030062025000000000075376341001360000004960                0900000000000010100000000000000000000000000000000000000   000000000000000000000000004        170192477882     
0010001300066U 060000000000000000000000000000000000000000000000000000000000000000000000753760000000000753760000000000000000000000000000002306202524062025            000000000000000                              000                           
0010001300067T 0601897X0000000092096 24778822500005408   700000000000540830062025000000000058728033001780000005408                0900000000000010100000000000000000000000000000000000000   000000000000000000000000004        170192477882     
0010001300068U 060000000000000000000000000000000000000000000000000000000000000000000000587280000000000587280000000000000000000000000000002306202524062025            000000000000000                              000                           
0010001300069T 0601897X0000000092096 24778822500005891   700000000000589130062025000000000043916001020125000005891                0900000000000010060000000000000000000000000000000000000   000000000000000000000000033        170192477882     
0010001300070U 060000000000000000000000000000000000000000000000000000000000000000000000439160000000000439160000000000000000000000000000002306202524062025            000000000000000                              000                           
0010001300071T 0601897X0000000092096 24778822500006353   700000000000635330062025000000000036618104003320000006353                0900000000000010100000000000000000000000000000000000000   000000000000000000000000004        170192477882     
0010001300072U 060000000000000000000000000000000000000000000000000000000000000000000000366180000000000366180000000000000000000000000000002306202524062025            000000000000000                              000                           
0010001300073T 0601897X0000000092096 24778822500006549   700000000000654930062025000000000033879341006700000006549                0900000000000010100000000000000000000000000000000000000   000000000000000000000000004        170192477882     
0010001300074U 060000000000000000000000000000000000000000000000000000000000000000000000338790000000000338790000000000000000000000000000002306202524062025            000000000000000                              000                           
0010001300075T 0601897X0000000092096 24778822500006556   700000000000655630062025000000000033878756020970000006556                0900000000000010100000000000000000000000000000000000000   000000000000000000000000004        170192477882     
0010001300076U 060000000000000000000000000000000000000000000000000000000000000000000000338780000000000338780000000000000000000000000000002306202524062025            000000000000000                              000                           
0010001300077T 0601897X0000000092096 24778822500006640   700000000000664030062025000000000033459341083970000006640                0900000000000010100000000000000000000000000000000000000   000000000000000000000000004        170192477882     
0010001300078U 060000000000000000000000000000000000000000000000000000000000000000000000334590000000000334590000000000000000000000000000002306202524062025            000000000000000                              000                           
0010001300079T 0601897X0000000092096 24778822500007466   700000000000746630062025000000000024467237033980000007466                0900000000000010100000000000000000000000000000000000000   000000000000000000000000004        170192477882     
0010001300080U 060000000000000000000000000000000000000000000000000000000000000000000000244670000000000244670000000000000000000000000000002306202524062025            000000000000000                              000                           
0010001300081T 0601897X0000000092096 24778822500007480   700000000000748030062025000000000024467341004670000007480                0900000000000010100000000000000000000000000000000000000   000000000000000000000000004        170192477882     
0010001300082U 060000000000000000000000000000000000000000000000000000000000000000000000244670000000000244670000000000000000000000000000002306202524062025            000000000000000                              000                           
0010001300083T 0601897X0000000092096 24778822500007886   700000000000788630062025000000000020911509000010000007886                0900000000000010100000000000000000000000000000000000000   000000000000000000000000004        170192477882     
0010001300084U 060000000000000000000000000000000000000000000000000000000000000000000000209110000000000209110000000000000000000000000000002306202524062025            000000000000000                              000                           
0010001300085T 0601897X0000000092096 24778822500007970   700000000000797030062025000000000020564341009100000007970                0900000000000010100000000000000000000000000000000000000   000000000000000000000000004        170192477882     
0010001300086U 060000000000000000000000000000000000000000000000000000000000000000000000205640000000000205640000000000000000000000000000002306202524062025            000000000000000                              000                           
0010001300087T 5201897X0000000092096 24778829000008624   7000008624      30062025000000000477217001043036000008624                0900000000000000000000000000000000000000000000000000000   000000000000000000000000000        170192477882     
0010001300088U 520000000000000000000000000000000000000000000000000000000000000000000000000000000000000000000000000000000000000000000000002306202500000000            000000000000000                              000                           
00100015         000090007992000000020962455250000000000000000000000000000000000000000000000000000000000000000000000000000000000000000000000000000                                                                                              
00199999         000001000092000000                                                                                                                                                            00000000000000000000000000000                    
