00100000         2115139610001160024778820014       01897X0000000092096 FUNDACAO AGENCIA DAS BACIAS HIBANCO DO BRASIL                         21505202502051200605503000000829973081PROCESSAMEN                                                 
00100011T0100020 20115139610001160024778820014       01897X0000000092096 FUNDACAO AGENCIA DAS BACIAS HI                                                                                000000001505202500000000  000000000                      
0010001300001T 0201897X0000000092096 24778829000008575   7000008575      30052025000000000192229001009903000008575                0900000000000010000000000000000000000000000000000000000   0000000000000000000000519A9        170192477882     
0010001300002U 020000000000000000000000000000000000000000000000000000000000000000000000000000000000000000000000000000000000000000000000001505202500000000            000000000000000                              000                           
0010001300003T 0201897X0000000092096 24778829000008577   7000008577      30052025000000000067060001022004000008577                0900000000000010000000000000000000000000000000000000000   0000000000000000000000519A9        170192477882     
0010001300004U 020000000000000000000000000000000000000000000000000000000000000000000000000000000000000000000000000000000000000000000000001505202500000000            000000000000000                              000                           
0010001300005T 0201897X0000000092096 24778829000008578   7000008578      30062025000000000067060001022004000008578                0900000000000010000000000000000000000000000000000000000   0000000000000000000000519A9        170192477882     
0010001300006U 020000000000000000000000000000000000000000000000000000000000000000000000000000000000000000000000000000000000000000000000001505202500000000            000000000000000                              000                           
0010001300007T 0201897X0000000092096 24778829000008579   7000008579      31072025000000000067060001022004000008579                0900000000000010000000000000000000000000000000000000000   0000000000000000000000519A9        170192477882     
0010001300008U 020000000000000000000000000000000000000000000000000000000000000000000000000000000000000000000000000000000000000000000000001505202500000000            000000000000000                              000                           
0010001300009T 0201897X0000000092096 24778829000008580   7000008580      29082025000000000067060001022004000008580                0900000000000010000000000000000000000000000000000000000   0000000000000000000000519A9        170192477882     
0010001300010U 020000000000000000000000000000000000000000000000000000000000000000000000000000000000000000000000000000000000000000000000001505202500000000            000000000000000                              000                           
0010001300011T 0201897X0000000092096 24778829000008581   7000008581      30092025000000000067060001022004000008581                0900000000000010000000000000000000000000000000000000000   0000000000000000000000519A9        170192477882     
0010001300012U 020000000000000000000000000000000000000000000000000000000000000000000000000000000000000000000000000000000000000000000000001505202500000000            000000000000000                              000                           
0010001300013T 0301897X0000000092096 24778829000008576   7000008576      3005202500000000032054800100000 000008576                0900000000000000000000000000000000000000000000000000000   000000000000000000000000048        170192477882     
0010001300014U 030000000000000000000000000000000000000000000000000000000000000000000000000000000000000000000000000000000000000000000000001505202500000000            000000000000000                              000                           
00100015         000016000059000000000294085650000000000000000000000000000000000000000000000000000000000000000000000000000000000000000000000000000                                                                                              
00199999         000001000018000000                                                                                                                                                            00000000000000000000000000000                    
