00100000         2115139610001160024778820014       01897X0000000092096 FUNDACAO AGENCIA DAS BACIAS HIBANCO DO BRASIL                         20901202501471400591103000000829973081PROCESSAMEN                                                 
00100011T0100020 20115139610001160024778820014       01897X0000000092096 FUNDACAO AGENCIA DAS BACIAS HI                                                                                000000000901202500000000  000000000                      
0010001300001T 0201897X0000000092096 24778829000008484   7000008484      31012025000000000311526001043036000008484                0900000000000010500000000000000000000000000000000000000   0000000000000000000000519A9A4      170192477882     
0010001300002U 020000000000000000000000000000000000000000000000000000000000000000000000000000000000000000000000000000000000000000000000000901202500000000            000000000000000                              000                           
0010001300003T 0601897X0000000092096 24778829000008287   7000008287      31122024000000000078409341000500000008287                0900000000000010100000000000000000000000000000000000000   000000000000000000000000004        170192477882     
0010001300004U 060000000000018020000000000000000000000000000000000000000000000000000000802120000000000802120000000000000000000000000000010901202510012025            000000000000000                              000                           
0010001300005T 0601897X0000000092096 24778829000008300   7000008300      31122024000000000053035341000500000008300                0900000000000010100000000000000000000000000000000000000   000000000000000000000000004        170192477882     
0010001300006U 060000000000012180000000000000000000000000000000000000000000000000000000542540000000000542540000000000000000000000000000010901202510012025            000000000000000                              000                           
00100015         000008000265000000001007724730000000000000000000000000000000000000000000000000000000000000000000000000000000000000000000000000000                                                                                              
00199999         000001000010000000                                                                                                                                                            00000000000000000000000000000                    
