00100000         2115139610001160024778820014       01897X0000000092096 FUNDACAO AGENCIA DAS BACIAS HIBANCO DO BRASIL                         22404202502040400602903000000829973081PROCESSAMEN                                                 
00100011T0100020 20115139610001160024778820014       01897X0000000092096 FUNDACAO AGENCIA DAS BACIAS HI                                                                                000000002404202500000000  000000000                      
0010001300001T 0201897X0000000092096 24778829000008552   7000008552      3004202500000000067447400101849X000008552                0900000000000010000000000000000000000000000000000000000   0000000000000000000000519A9        170192477882     
0010001300002U 020000000000000000000000000000000000000000000000000000000000000000000000000000000000000000000000000000000000000000000000002404202500000000            000000000000000                              000                           
0010001300003T 0201897X0000000092096 24778829000008553   7000008553      30042025000000000207733001000280000008553                0900000000000010500000000000000000000000000000000000000   0000000000000000000000519A9A4      170192477882     
0010001300004U 020000000000000000000000000000000000000000000000000000000000000000000000000000000000000000000000000000000000000000000000002404202500000000            000000000000000                              000                           
0010001300005T 0201897X0000000092096 24778829000008554   7000008554      30042025000000000378522001024538000008554                0900000000000010500000000000000000000000000000000000000   0000000000000000000000519A9A4      170192477882     
0010001300006U 020000000000000000000000000000000000000000000000000000000000000000000000000000000000000000000000000000000000000000000000002404202500000000            000000000000000                              000                           
0010001300007T 0601897X0000000092096 24778829000008551   7000008551      30042025000000000027373237036440000008551                0900000000000010100000000000000000000000000000000000000   000000000000000000000000004        170192477882     
0010001300008U 060000000000000000000000000000000000000000000000000000000000000000000000273730000000000273730000000000000000000000000000002404202525042025            000000000000000                              000                           
00100015         000010000059000000000448163990000000000000000000000000000000000000000000000000000000000000000000000000000000000000000000000000000                                                                                              
00199999         000001000012000000                                                                                                                                                            00000000000000000000000000000                    
