00100000         2115139610001160024778820014       01897X0000000092096 FUNDACAO AGENCIA DAS BACIAS HIBANCO DO BRASIL                         20307202502040700612103000000829973081PROCESSAMEN                                                 
00100011T0100020 20115139610001160024778820014       01897X0000000092096 FUNDACAO AGENCIA DAS BACIAS HI                                                                                000000000307202500000000  000000000                      
0010001300001T 0201897X0000000092096 24778829000008663   7000008663      31072025000000000026351001003190000008663                0900000000000010500000000000000000000000000000000000000   0000000000000000000000519A9A4      170192477882     
0010001300002U 020000000000000000000000000000000000000000000000000000000000000000000000000000000000000000000000000000000000000000000000000307202500000000            000000000000000                              000                           
0010001300003T 0201897X0000000092096 24778829000008664   7000008664      31072025000000000271480001004154000008664                0900000000000010500000000000000000000000000000000000000   0000000000000000000000519A9A4      170192477882     
0010001300004U 020000000000000000000000000000000000000000000000000000000000000000000000000000000000000000000000000000000000000000000000000307202500000000            000000000000000                              000                           
0010001300005T 0201897X0000000092096 24778829000008665   7000008665      3107202500000000002638800101849X000008665                0900000000000010500000000000000000000000000000000000000   0000000000000000000000519A9A4      170192477882     
0010001300006U 020000000000000000000000000000000000000000000000000000000000000000000000000000000000000000000000000000000000000000000000000307202500000000            000000000000000                              000                           
0010001300007T 0201897X0000000092096 24778829000008666   7000008666      3107202500000000002741600100216X000008666                0900000000000010500000000000000000000000000000000000000   0000000000000000000000519A9A4      170192477882     
0010001300008U 020000000000000000000000000000000000000000000000000000000000000000000000000000000000000000000000000000000000000000000000000307202500000000            000000000000000                              000                           
0010001300009T 0201897X0000000092096 24778829000008667   7000008667      07072025000000000022683001009903000008667                0900000000000010000000000000000000000000000000000000000   0000000000000000000000519A9        170192477882     
0010001300010U 020000000000000000000000000000000000000000000000000000000000000000000000000000000000000000000000000000000000000000000000000307202500000000            000000000000000                              000                           
0010001300011T 0601897X0000000092096 24778822500000238   700000000000023803072025000000000051818341000330000000238                0900000000000010100000000000000000000000000000000000000   000000000000000000000000004        170192477882     
0010001300012U 060000000000000000000000000000000000000000000000000000000000000000000000518180000000000518180000000000000000000000000000000307202504072025            000000000000000                              000                           
0010001300013T 0601897X0000000092096 24778822500000245   700000000000024504072025000000000048046341000090000000245                0900000000000010100000000000000000000000000000000000000   000000000000000000000000004        170192477882     
0010001300014U 060000000000000000000000000000000000000000000000000000000000000000000000480460000000000480460000000000000000000000000000000307202504072025            000000000000000                              000                           
0010001300015T 0601897X0000000092096 24778822500000332   700000000000033204072025000000000036596756072790000000332                0900000000000010100000000000000000000000000000000000000   000000000000000000000000004        170192477882     
0010001300016U 060000000000000000000000000000000000000000000000000000000000000000000000365960000000000365960000000000000000000000000000000307202504072025            000000000000000                              000                           
0010001300017T 0601897X0000000092096 24778822500000395   700000000000039504072025000000000033852033013190000000395                0900000000000010100000000000000000000000000000000000000   000000000000000000000000004        170192477882     
0010001300018U 060000000000000000000000000000000000000000000000000000000000000000000000338520000000000338520000000000000000000000000000000307202504072025            000000000000000                              000                           
0010001300019T 0601897X0000000092096 24778822500000439   700000000000043904072025000000000031430341000090000000439                0900000000000010100000000000000000000000000000000000000   000000000000000000000000004        170192477882     
0010001300020U 060000000000000000000000000000000000000000000000000000000000000000000000314300000000000314300000000000000000000000000000000307202504072025            000000000000000                              000                           
0010001300021T 0601897X0000000092096 24778822500000481   700000000000048104072025000000000029506033013190000000481                0900000000000010100000000000000000000000000000000000000   000000000000000000000000004        170192477882     
0010001300022U 060000000000000000000000000000000000000000000000000000000000000000000000295060000000000295060000000000000000000000000000000307202504072025            000000000000000                              000                           
0010001300023T 0601897X0000000092096 24778822500000672   700000000000067204072025000000000023931756072790000000672                0900000000000010100000000000000000000000000000000000000   000000000000000000000000004        170192477882     
0010001300024U 060000000000000000000000000000000000000000000000000000000000000000000000239310000000000239310000000000000000000000000000000307202504072025            000000000000000                              000                           
0010001300025T 0601897X0000000092096 24778822500000718   700000000000071804072025000000000022801033013190000000718                0900000000000010100000000000000000000000000000000000000   000000000000000000000000004        170192477882     
0010001300026U 060000000000000000000000000000000000000000000000000000000000000000000000228010000000000228010000000000000000000000000000000307202504072025            000000000000000                              000                           
0010001300027T 0601897X0000000092096 24778822500000750   700000000000075030062025000000000021949033002980000000750                0900000000000010100000000000000000000000000000000000000   000000000000000000000000004        170192477882     
0010001300028U 060000000000004590000000000000000000000000000000000000000000000000000000224080000000000224080000000000000000000000000000000307202504072025            000000000000000                              000                           
0010001300029T 0601897X0000000092096 24778822500000862   700000000000086204072025000000000017467237002150000000862                0900000000000010100000000000000000000000000000000000000   000000000000000000000000004        170192477882     
0010001300030U 060000000000000000000000000000000000000000000000000000000000000000000000174670000000000174670000000000000000000000000000000307202504072025            000000000000000                              000                           
0010001300031T 0601897X0000000092096 24778822500000896   700000000000089604072025000000000015946756072790000000896                0900000000000010100000000000000000000000000000000000000   000000000000000000000000004        170192477882     
0010001300032U 060000000000000000000000000000000000000000000000000000000000000000000000159460000000000159460000000000000000000000000000000307202504072025            000000000000000                              000                           
0010001300033T 0601897X0000000092096 24778822500001189   700000000000118904072025000000000026125033013190000001189                0900000000000010100000000000000000000000000000000000000   000000000000000000000000004        170192477882     
0010001300034U 060000000000000000000000000000000000000000000000000000000000000000000000261250000000000261250000000000000000000000000000000307202504072025            000000000000000                              000                           
0010001300035T 0601897X0000000092096 24778822500001663   700000000000166304072025000000000024397033013190000001663                0900000000000010100000000000000000000000000000000000000   000000000000000000000000004        170192477882     
0010001300036U 060000000000000000000000000000000000000000000000000000000000000000000000243970000000000243970000000000000000000000000000000307202504072025            000000000000000                              000                           
0010001300037T 0601897X0000000092096 24778822500001699   700000000000169904072025000000000023975756021140000001699                0900000000000010100000000000000000000000000000000000000   000000000000000000000000004        170192477882     
0010001300038U 060000000000000000000000000000000000000000000000000000000000000000000000239750000000000239750000000000000000000000000000000307202504072025            000000000000000                              000                           
0010001300039T 0601897X0000000092096 24778822500001711   700000000000171104072025000000000023855033036800000001711                0900000000000010100000000000000000000000000000000000000   000000000000000000000000004        170192477882     
0010001300040U 060000000000000000000000000000000000000000000000000000000000000000000000238550000000000238550000000000000000000000000000000307202504072025            000000000000000                              000                           
0010001300041T 0601897X0000000092096 24778822500001894   700000000000189404072025000000000021567033032440000001894                0900000000000010100000000000000000000000000000000000000   000000000000000000000000004        170192477882     
0010001300042U 060000000000000000000000000000000000000000000000000000000000000000000000215670000000000215670000000000000000000000000000000307202504072025            000000000000000                              000                           
0010001300043T 0601897X0000000092096 24778822500002258   700000000000225804072025000000000021677001016071000002258                0900000000000010090000000000000000000000000000000000000   000000000000000000000000006        170192477882     
0010001300044U 060000000000000000000000000000000000000000000000000000000000000000000000216770000000000216770000000000000000000000000000000307202504072025            000000000000000                              000                           
0010001300045T 0601897X0000000092096 24778822500002259   700000000000225931072025000000000021678001016071000002259                0900000000000010090000000000000000000000000000000000000   000000000000000000000000006        170192477882     
0010001300046U 060000000000000000000000000000000000000000000000000000000000000000000000216780000000000216780000000000000000000000000000000307202504072025            000000000000000                              000                           
0010001300047T 0601897X0000000092096 24778822500002260   700000000000226029082025000000000021678001016071000002260                0900000000000010090000000000000000000000000000000000000   000000000000000000000000006        170192477882     
0010001300048U 060000000000000000000000000000000000000000000000000000000000000000000000216780000000000216780000000000000000000000000000000307202504072025            000000000000000                              000                           
0010001300049T 0601897X0000000092096 24778822500002261   700000000000226130092025000000000021678001016071000002261                0900000000000010090000000000000000000000000000000000000   000000000000000000000000006        170192477882     
0010001300050U 060000000000000000000000000000000000000000000000000000000000000000000000216780000000000216780000000000000000000000000000000307202504072025            000000000000000                              000                           
0010001300051T 0601897X0000000092096 24778822500002302   700000000000230204072025000000000021400237002150000002302                0900000000000010100000000000000000000000000000000000000   000000000000000000000000004        170192477882     
0010001300052U 060000000000000000000000000000000000000000000000000000000000000000000000214000000000000214000000000000000000000000000000000307202504072025            000000000000000                              000                           
0010001300053T 0601897X0000000092096 24778822500002618   700000000000261804072025000000000021883341015630000002618                0900000000000010100000000000000000000000000000000000000   000000000000000000000000004        170192477882     
0010001300054U 060000000000000000000000000000000000000000000000000000000000000000000000218830000000000218830000000000000000000000000000000307202504072025            000000000000000                              000                           
0010001300055T 0601897X0000000092096 24778822500004016   700000000000401631072025000000000210619745000010000004016                0900000000000010100000000000000000000000000000000000000   000000000000000000000000004        170192477882     
0010001300056U 060000000000000000000000000000000000000000000000000000000000000000000002106190000000002106190000000000000000000000000000000307202504072025            000000000000000                              000                           
0010001300057T 0601897X0000000092096 24778822500004017   700000000000401729082025000000000210619745000010000004017                0900000000000010100000000000000000000000000000000000000   000000000000000000000000004        170192477882     
0010001300058U 060000000000000000000000000000000000000000000000000000000000000000000002106190000000002106190000000000000000000000000000000307202504072025            000000000000000                              000                           
0010001300059T 0601897X0000000092096 24778822500004018   700000000000401830092025000000000210619745000010000004018                0900000000000010100000000000000000000000000000000000000   000000000000000000000000004        170192477882     
0010001300060U 060000000000000000000000000000000000000000000000000000000000000000000002106190000000002106190000000000000000000000000000000307202504072025            000000000000000                              000                           
0010001300061T 0601897X0000000092096 24778822500004019   700000000000401931102025000000000210619745000010000004019                0900000000000010100000000000000000000000000000000000000   000000000000000000000000004        170192477882     
0010001300062U 060000000000000000000000000000000000000000000000000000000000000000000002106190000000002106190000000000000000000000000000000307202504072025            000000000000000                              000                           
0010001300063T 0601897X0000000092096 24778822500004020   700000000000402028112025000000000210619745000010000004020                0900000000000010100000000000000000000000000000000000000   000000000000000000000000004        170192477882     
0010001300064U 060000000000000000000000000000000000000000000000000000000000000000000002106190000000002106190000000000000000000000000000000307202504072025            000000000000000                              000                           
0010001300065T 0601897X0000000092096 24778822500004021   700000000000402119122025000000000210619745000010000004021                0900000000000010100000000000000000000000000000000000000   000000000000000000000000004        170192477882     
0010001300066U 060000000000000000000000000000000000000000000000000000000000000000000002106190000000002106190000000000000000000000000000000307202504072025            000000000000000                              000                           
0010001300067T 0601897X0000000092096 24778822500004351   700000000000435104072025000000000125474748052180000004351                0900000000000010100000000000000000000000000000000000000   000000000000000000000000004        170192477882     
0010001300068U 060000000000000000000000000000000000000000000000000000000000000000000001254740000000001254740000000000000000000000000000000307202504072025            000000000000000                              000                           
0010001300069T 0601897X0000000092096 24778822500004806   700000000000480630062025000000000084745001009741000004806                0900000000000010040000000000000000000000000000000000000   000000000000000000000000034        170192477882     
0010001300070U 060000000000017780000000000000000000000000000000000000000000000000000000865230000000000865230000000000000000000000000000000307202504072025            000000000000000                              000                           
0010001300071T 0601897X0000000092096 24778822500006367   70000000000063673006202500000000003650500102659X000006367                0900000000000010040000000000000000000000000000000000000   000000000000000000000000034        170192477882     
0010001300072U 060000000000007660000000000000000000000000000000000000000000000000000000372710000000000372710000000000000000000000000000000307202504072025            000000000000000                              000                           
0010001300073T 0601897X0000000092096 24778822500006858   700000000000685831072025000000000031368237013400000006858                0900000000000010100000000000000000000000000000000000000   000000000000000000000000004        170192477882     
0010001300074U 060000000000000000000000000000000000000000000000000000000000000000000000313680000000000313680000000000000000000000000000000307202504072025            000000000000000                              000                           
0010001300075T 0601897X0000000092096 24778822500007515   700000000000751530062025000000000024260237003170000007515                0900000000000010100000000000000000000000000000000000000   000000000000000000000000004        170192477882     
0010001300076U 060000000000005090000000000000000000000000000000000000000000000000000000247690000000000247690000000000000000000000000000000307202504072025            000000000000000                              000                           
0010001300077T 0601897X0000000092096 24778822500007823   700000000000782330062025000000000020911341002620000007823                0900000000000010100000000000000000000000000000000000000   000000000000000000000000004        170192477882     
0010001300078U 060000000000004380000000000000000000000000000000000000000000000000000000213490000000000213490000000000000000000000000000000307202504072025            000000000000000                              000                           
0010001300079T 0601897X0000000092096 24778822500007977   700000000000797704072025000000000020547756072790000007977                0900000000000010100000000000000000000000000000000000000   000000000000000000000000004        170192477882     
0010001300080U 060000000000000000000000000000000000000000000000000000000000000000000000205470000000000205470000000000000000000000000000000307202504072025            000000000000000                              000                           
0010001300081T 1401897X0000000092096 24778822500000053   700000000000005311072025000000000283196001009903000000053                0900000000000000000000000000000000000000000000000000000   000000000000000000000000000        170192477882     
0010001300082U 140000000000000000000000000000000000000000000000000000000000000000000000000000000000000000000000000000000000000000000000000307202500000000            000000000000000                              000                           
0010001300083T 1401897X0000000092096 24778822500000139   700000000000013911072025000000000104077001003190000000139                0900000000000000000000000000000000000000000000000000000   000000000000000000000000000        170192477882     
0010001300084U 140000000000000000000000000000000000000000000000000000000000000000000000000000000000000000000000000000000000000000000000000307202500000000            000000000000000                              000                           
0010001300085T 1401897X0000000092096 24778822500000260   700000000000026011072025000000000043914001066583000000260                0900000000000000000000000000000000000000000000000000000   000000000000000000000000000        170192477882     
0010001300086U 140000000000000000000000000000000000000000000000000000000000000000000000000000000000000000000000000000000000000000000000000307202500000000            000000000000000                              000                           
0010001300087T 1401897X0000000092096 24778822500000312   700000000000031211072025000000000037538001008117000000312                0900000000000000000000000000000000000000000000000000000   000000000000000000000000000        170192477882     
0010001300088U 140000000000000000000000000000000000000000000000000000000000000000000000000000000000000000000000000000000000000000000000000307202500000000            000000000000000                              000                           
0010001300089T 1401897X0000000092096 24778822500000416   700000000000041611072025000000000032458001001724000000416                0900000000000000000000000000000000000000000000000000000   000000000000000000000000000        170192477882     
0010001300090U 140000000000000000000000000000000000000000000000000000000000000000000000000000000000000000000000000000000000000000000000000307202500000000            000000000000000                              000                           
0010001300091T 1401897X0000000092096 24778822500000421   700000000000042111072025000000000032205001069833000000421                0900000000000000000000000000000000000000000000000000000   000000000000000000000000000        170192477882     
0010001300092U 140000000000000000000000000000000000000000000000000000000000000000000000000000000000000000000000000000000000000000000000000307202500000000            000000000000000                              000                           
0010001300093T 1401897X0000000092096 24778822500000674   700000000000067411072025000000000023906001003190000000674                0900000000000000000000000000000000000000000000000000000   000000000000000000000000000        170192477882     
0010001300094U 140000000000000000000000000000000000000000000000000000000000000000000000000000000000000000000000000000000000000000000000000307202500000000            000000000000000                              000                           
0010001300095T 1401897X0000000092096 24778822500000682   700000000000068211072025000000000023428001009296000000682                0900000000000000000000000000000000000000000000000000000   000000000000000000000000000        170192477882     
0010001300096U 140000000000000000000000000000000000000000000000000000000000000000000000000000000000000000000000000000000000000000000000000307202500000000            000000000000000                              000                           
0010001300097T 1401897X0000000092096 24778822500000714   700000000000071411072025000000000023016001003190000000714                0900000000000000000000000000000000000000000000000000000   000000000000000000000000000        170192477882     
0010001300098U 140000000000000000000000000000000000000000000000000000000000000000000000000000000000000000000000000000000000000000000000000307202500000000            000000000000000                              000                           
0010001300099T 1401897X0000000092096 24778822500000728   70000000000007281107202500000000002238200101849X000000728                0900000000000000000000000000000000000000000000000000000   000000000000000000000000000        170192477882     
0010001300100U 140000000000000000000000000000000000000000000000000000000000000000000000000000000000000000000000000000000000000000000000000307202500000000            000000000000000                              000                           
0010001300101T 1401897X0000000092096 24778822500000767   700000000000076711072025000000000021551001003409000000767                0900000000000000000000000000000000000000000000000000000   000000000000000000000000000        170192477882     
0010001300102U 140000000000000000000000000000000000000000000000000000000000000000000000000000000000000000000000000000000000000000000000000307202500000000            000000000000000                              000                           
0010001300103T 1401897X0000000092096 24778822500000962   700000000000096211072025000000000012971001004561000000962                0900000000000000000000000000000000000000000000000000000   000000000000000000000000000        170192477882     
0010001300104U 140000000000000000000000000000000000000000000000000000000000000000000000000000000000000000000000000000000000000000000000000307202500000000            000000000000000                              000                           
0010001300105T 1401897X0000000092096 24778822500001540   700000000000154011072025000000000026181001009946000001540                0900000000000000000000000000000000000000000000000000000   000000000000000000000000000        170192477882     
0010001300106U 140000000000000000000000000000000000000000000000000000000000000000000000000000000000000000000000000000000000000000000000000307202500000000            000000000000000                              000                           
0010001300107T 1401897X0000000092096 24778822500002358   700000000000235811072025000000000020934001003409000002358                0900000000000000000000000000000000000000000000000000000   000000000000000000000000000        170192477882     
0010001300108U 140000000000000000000000000000000000000000000000000000000000000000000000000000000000000000000000000000000000000000000000000307202500000000            000000000000000                              000                           
0010001300109T 1401897X0000000092096 24778822500002673   700000000000267311072025000000000021105001006998000002673                0900000000000000000000000000000000000000000000000000000   000000000000000000000000000        170192477882     
0010001300110U 140000000000000000000000000000000000000000000000000000000000000000000000000000000000000000000000000000000000000000000000000307202500000000            000000000000000                              000                           
0010001300111T 1401897X0000000092096 24778822500003001   700000000000300111072025000000000021921001004154000003001                0900000000000000000000000000000000000000000000000000000   000000000000000000000000000        170192477882     
0010001300112U 140000000000000000000000000000000000000000000000000000000000000000000000000000000000000000000000000000000000000000000000000307202500000000            000000000000000                              000                           
0010001300113T 1401897X0000000092096 24778822500004309   700000000000430911072025000000000138368001004561000004309                0900000000000000000000000000000000000000000000000000000   000000000000000000000000000        170192477882     
0010001300114U 140000000000000000000000000000000000000000000000000000000000000000000000000000000000000000000000000000000000000000000000000307202500000000            000000000000000                              000                           
0010001300115T 1401897X0000000092096 24778822500004456   700000000000445611072025000000000114548001003409000004456                0900000000000000000000000000000000000000000000000000000   000000000000000000000000000        170192477882     
0010001300116U 140000000000000000000000000000000000000000000000000000000000000000000000000000000000000000000000000000000000000000000000000307202500000000            000000000000000                              000                           
0010001300117T 1401897X0000000092096 24778822500004617   700000000000461711072025000000000099123001023248000004617                0900000000000000000000000000000000000000000000000000000   000000000000000000000000000        170192477882     
0010001300118U 140000000000000000000000000000000000000000000000000000000000000000000000000000000000000000000000000000000000000000000000000307202500000000            000000000000000                              000                           
0010001300119T 1401897X0000000092096 24778822500004694   700000000000469411072025000000000092670001006998000004694                0900000000000000000000000000000000000000000000000000000   000000000000000000000000000        170192477882     
0010001300120U 140000000000000000000000000000000000000000000000000000000000000000000000000000000000000000000000000000000000000000000000000307202500000000            000000000000000                              000                           
0010001300121T 1401897X0000000092096 24778822500004729   700000000000472911072025000000000089292001003018000004729                0900000000000000000000000000000000000000000000000000000   000000000000000000000000000        170192477882     
0010001300122U 140000000000000000000000000000000000000000000000000000000000000000000000000000000000000000000000000000000000000000000000000307202500000000            000000000000000                              000                           
0010001300123T 1401897X0000000092096 24778822500005233   700000000000523304072025000000000063658001000566000005233                0900000000000000000000000000000000000000000000000000000   000000000000000000000000000        170192477882     
0010001300124U 140000000000000000000000000000000000000000000000000000000000000000000000000000000000000000000000000000000000000000000000000307202500000000            000000000000000                              000                           
0010001300125T 1401897X0000000092096 24778822500005268   700000000000526811072025000000000062734001069833000005268                0900000000000000000000000000000000000000000000000000000   000000000000000000000000000        170192477882     
0010001300126U 140000000000000000000000000000000000000000000000000000000000000000000000000000000000000000000000000000000000000000000000000307202500000000            000000000000000                              000                           
0010001300127T 1401897X0000000092096 24778822500005765   700000000000576511072025000000000048100001001678000005765                0900000000000000000000000000000000000000000000000000000   000000000000000000000000000        170192477882     
0010001300128U 140000000000000000000000000000000000000000000000000000000000000000000000000000000000000000000000000000000000000000000000000307202500000000            000000000000000                              000                           
0010001300129T 1401897X0000000092096 24778822500006822   700000000000682211072025000000000031641001007994000006822                0900000000000000000000000000000000000000000000000000000   000000000000000000000000000        170192477882     
0010001300130U 140000000000000000000000000000000000000000000000000000000000000000000000000000000000000000000000000000000000000000000000000307202500000000            000000000000000                              000                           
00100015         000132006721000000018451608100000000000000000000000000000000000000000000000000000000000000000000000000000000000000000000000000000                                                                                              
00199999         000001000134000000                                                                                                                                                            00000000000000000000000000000                    
