00100000         2115139610001160024778820014       01897X0000000092096 FUNDACAO AGENCIA DAS BACIAS HIBANCO DO BRASIL                         21108202502133500617503000000829973081PROCESSAMEN                                                 
00100011T0100020 20115139610001160024778820014       01897X0000000092096 FUNDACAO AGENCIA DAS BACIAS HI                                                                                000000001108202500000000  000000000                      
0010001300001T 0201897X0000000092096 24778829000008756   7000008756      29082025000000000050664001024538000008756                0900000000000010500000000000000000000000000000000000000   0000000000000000000000519A9A4      170192477882     
0010001300002U 020000000000000000000000000000000000000000000000000000000000000000000000000000000000000000000000000000000000000000000000001108202500000000            000000000000000                              000                           
0010001300003T 0201897X0000000092096 24778829000008757   7000008757      29082025000000000021957001004154000008757                0900000000000010500000000000000000000000000000000000000   0000000000000000000000519A9A4      170192477882     
0010001300004U 020000000000000000000000000000000000000000000000000000000000000000000000000000000000000000000000000000000000000000000000001108202500000000            000000000000000                              000                           
0010001300005T 0201897X0000000092096 24778829000008758   7000008758      30092025000000000021957001004154000008758                0900000000000010500000000000000000000000000000000000000   0000000000000000000000519A9A4      170192477882     
0010001300006U 020000000000000000000000000000000000000000000000000000000000000000000000000000000000000000000000000000000000000000000000001108202500000000            000000000000000                              000                           
0010001300007T 0201897X0000000092096 24778829000008759   7000008759      31102025000000000021957001004154000008759                0900000000000010500000000000000000000000000000000000000   0000000000000000000000519A9A4      170192477882     
0010001300008U 020000000000000000000000000000000000000000000000000000000000000000000000000000000000000000000000000000000000000000000000001108202500000000            000000000000000                              000                           
0010001300009T 0201897X0000000092096 24778829000008760   7000008760      28112025000000000021957001004154000008760                0900000000000010500000000000000000000000000000000000000   0000000000000000000000519A9A4      170192477882     
0010001300010U 020000000000000000000000000000000000000000000000000000000000000000000000000000000000000000000000000000000000000000000000001108202500000000            000000000000000                              000                           
0010001300011T 0201897X0000000092096 24778829000008761   7000008761      29082025000000000014701001027669000008761                0900000000000010000000000000000000000000000000000000000   0000000000000000000000519A9        170192477882     
0010001300012U 020000000000000000000000000000000000000000000000000000000000000000000000000000000000000000000000000000000000000000000000001108202500000000            000000000000000                              000                           
0010001300013T 0601897X0000000092096 24778822500001412   700000000000141231072025000000000021957756007830000001412                0900000000000010100000000000000000000000000000000000000   000000000000000000000000004        170192477882     
0010001300014U 060000000000005190000000000000000000000000000000000000000000000000000000224760000000000224760000000000000000000000000000001108202512082025            000000000000000                              000                           
0010001300015T 0601897X0000000092096 24778822500002168   700000000000216829082025000000000022250104028860000002168                0900000000000010100000000000000000000000000000000000000   000000000000000000000000004        170192477882     
0010001300016U 060000000000000000000000000000000000000000000000000000000000000000000000222500000000000222500000000000000000000000000000001108202512082025            000000000000000                              000                           
0010001300017T 0601897X0000000092096 24778822500002169   700000000000216930092025000000000022250104028860000002169                0900000000000010100000000000000000000000000000000000000   000000000000000000000000004        170192477882     
0010001300018U 060000000000000000000000000000000000000000000000000000000000000000000000222500000000000222500000000000000000000000000000001108202512082025            000000000000000                              000                           
0010001300019T 0601897X0000000092096 24778822500003038   700000000000303831072025000000000021567033002850000003038                0900000000000010100000000000000000000000000000000000000   000000000000000000000000004        170192477882     
0010001300020U 060000000000005100000000000000000000000000000000000000000000000000000000220770000000000220770000000000000000000000000000001108202512082025            000000000000000                              000                           
0010001300021T 0601897X0000000092096 24778822500003653   700000000000365329082025000000000557629745000010000003653                0900000000000010100000000000000000000000000000000000000   000000000000000000000000004        170192477882     
0010001300022U 060000000000000000000000000000000000000000000000000000000000000000000005576290000000005576290000000000000000000000000000001108202512082025            000000000000000                              000                           
0010001300023T 0601897X0000000092096 24778822500004807   700000000000480731072025000000000084748001009741000004807                0900000000000010040000000000000000000000000000000000000   000000000000000000000000034        170192477882     
0010001300024U 060000000000020040000000000000000000000000000000000000000000000000000000867520000000000867520000000000000000000000000000001108202512082025            000000000000000                              000                           
0010001300025T 0601897X0000000092096 24778822500004815   700000000000481529082025000000000084564341002570000004815                0900000000000010100000000000000000000000000000000000000   000000000000000000000000004        170192477882     
0010001300026U 060000000000000000000000000000000000000000000000000000000000000000000000845640000000000845640000000000000000000000000000001108202512082025            000000000000000                              000                           
0010001300027T 0601897X0000000092096 24778829000008717   7000008717      29082025000000000580215745000010000008717                0900000000000010100000000000000000000000000000000000000   000000000000000000000000004        170192477882     
0010001300028U 060000000000000000000000000000000000000000000000000000000000000000000005802150000000005802150000000000000000000000000000001108202512082025            000000000000000                              000                           
0010001300029T 0601897X0000000092096 24778829000008750   7000008750      29082025000000001493786341009100000008750                0900000000000010100000000000000000000000000000000000000   000000000000000000000000004        170192477882     
0010001300030U 060000000000000000000000000000000000000000000000000000000000000000000014937860000000014937860000000000000000000000000000001108202512082025            000000000000000                              000                           
0010001300031T 0601897X0000000092096 24778829000008753   7000008753      29082025000000000465517237004800000008753                0900000000000010100000000000000000000000000000000000000   000000000000000000000000004        170192477882     
0010001300032U 060000000000000000000000000000000000000000000000000000000000000000000004655170000000004655170000000000000000000000000000001108202512082025            000000000000000                              000                           
00100015         000034004648000000014466995360000000000000000000000000000000000000000000000000000000000000000000000000000000000000000000000000000                                                                                              
00199999         000001000036000000                                                                                                                                                            00000000000000000000000000000                    
