00100000         2115139610001160024778820014       01897X0000000092096 FUNDACAO AGENCIA DAS BACIAS HIBANCO DO BRASIL                         22506202501521100610903000000829973081PROCESSAMEN                                                 
00100011T0100020 20115139610001160024778820014       01897X0000000092096 FUNDACAO AGENCIA DAS BACIAS HI                                                                                000000002506202500000000  000000000                      
0010001300001T 0201897X0000000092096 24778829000008643   7000008643      31072025000000000118093001009946000008643                0900000000000010000000000000000000000000000000000000000   0000000000000000000000519A9        170192477882     
0010001300002U 020000000000000000000000000000000000000000000000000000000000000000000000000000000000000000000000000000000000000000000000002506202500000000            000000000000000                              000                           
0010001300003T 0601897X0000000092096 24778822500000056   700000000000005630062025000000000271305341008970000000056                0900000000000010100000000000000000000000000000000000000   000000000000000000000000004        170192477882     
0010001300004U 060000000000000000000000000000000000000000000000000000000000000000000002713050000000002713050000000000000000000000000000002506202526062025            000000000000000                              000                           
0010001300005T 0601897X0000000092096 24778822500000103   700000000000010330062025000000000145887341000540000000103                0900000000000010100000000000000000000000000000000000000   000000000000000000000000004        170192477882     
0010001300006U 060000000000000000000000000000000000000000000000000000000000000000000001458870000000001458870000000000000000000000000000002506202526062025            000000000000000                              000                           
0010001300007T 0601897X0000000092096 24778822500000216   700000000000021630062025000000000058553341064580000000216                0900000000000010100000000000000000000000000000000000000   000000000000000000000000004        170192477882     
0010001300008U 060000000000000000000000000000000000000000000000000000000000000000000000585530000000000585530000000000000000000000000000002506202526062025            000000000000000                              000                           
0010001300009T 0601897X0000000092096 24778822500000221   700000000000022130062025000000000056051237033960000000221                0900000000000010100000000000000000000000000000000000000   000000000000000000000000004        170192477882     
0010001300010U 060000000000000000000000000000000000000000000000000000000000000000000000560510000000000560510000000000000000000000000000002506202526062025            000000000000000                              000                           
0010001300011T 0601897X0000000092096 24778822500000431   700000000000043130062025000000000031920341001360000000431                0900000000000010100000000000000000000000000000000000000   000000000000000000000000004        170192477882     
0010001300012U 060000000000000000000000000000000000000000000000000000000000000000000000319200000000000319200000000000000000000000000000002506202526062025            000000000000000                              000                           
0010001300013T 0601897X0000000092096 24778822500000493   700000000000049330062025000000000029277341083280000000493                0900000000000010100000000000000000000000000000000000000   000000000000000000000000004        170192477882     
0010001300014U 060000000000000000000000000000000000000000000000000000000000000000000000292770000000000292770000000000000000000000000000002506202526062025            000000000000000                              000                           
0010001300015T 0601897X0000000092096 24778822500000555   700000000000055530062025000000000027853341000410000000555                0900000000000010100000000000000000000000000000000000000   000000000000000000000000004        170192477882     
0010001300016U 060000000000000000000000000000000000000000000000000000000000000000000000278530000000000278530000000000000000000000000000002506202526062025            000000000000000                              000                           
0010001300017T 0601897X0000000092096 24778822500000650   700000000000065030062025000000000024739104017190000000650                0900000000000010100000000000000000000000000000000000000   000000000000000000000000004        170192477882     
0010001300018U 060000000000000000000000000000000000000000000000000000000000000000000000247390000000000247390000000000000000000000000000002506202526062025            000000000000000                              000                           
0010001300019T 0601897X0000000092096 24778822500000651   700000000000065130062025000000000024640237033680000000651                0900000000000010100000000000000000000000000000000000000   000000000000000000000000004        170192477882     
0010001300020U 060000000000000000000000000000000000000000000000000000000000000000000000246400000000000246400000000000000000000000000000002506202526062025            000000000000000                              000                           
0010001300021T 0601897X0000000092096 24778822500000788   700000000000078830062025000000000020754237002150000000788                0900000000000010100000000000000000000000000000000000000   000000000000000000000000004        170192477882     
0010001300022U 060000000000000000000000000000000000000000000000000000000000000000000000207540000000000207540000000000000000000000000000002506202526062025            000000000000000                              000                           
0010001300023T 0601897X0000000092096 24778822500000807   700000000000080730062025000000000019699341003500000000807                0900000000000010100000000000000000000000000000000000000   000000000000000000000000004        170192477882     
0010001300024U 060000000000000000000000000000000000000000000000000000000000000000000000196990000000000196990000000000000000000000000000002506202526062025            000000000000000                              000                           
0010001300025T 0601897X0000000092096 24778822500000815   700000000000081530062025000000000019362033044230000000815                0900000000000010100000000000000000000000000000000000000   000000000000000000000000004        170192477882     
0010001300026U 060000000000000000000000000000000000000000000000000000000000000000000000193620000000000193620000000000000000000000000000002506202526062025            000000000000000                              000                           
0010001300027T 0601897X0000000092096 24778822500000960   700000000000096030062025000000000013139389003120000000960                0900000000000010100000000000000000000000000000000000000   000000000000000000000000004        170192477882     
0010001300028U 060000000000000000000000000000000000000000000000000000000000000000000000131390000000000131390000000000000000000000000000002506202526062025            000000000000000                              000                           
0010001300029T 0601897X0000000092096 24778822500000974   700000000000097430062025000000000011835237002150000000974                0900000000000010100000000000000000000000000000000000000   000000000000000000000000004        170192477882     
0010001300030U 060000000000000000000000000000000000000000000000000000000000000000000000118350000000000118350000000000000000000000000000002506202526062025            000000000000000                              000                           
0010001300031T 0601897X0000000092096 24778822500000984   700000000000098430062025000000000010936104017190000000984                0900000000000010100000000000000000000000000000000000000   000000000000000000000000004        170192477882     
0010001300032U 060000000000000000000000000000000000000000000000000000000000000000000000109360000000000109360000000000000000000000000000002506202526062025            000000000000000                              000                           
0010001300033T 0601897X0000000092096 24778822500001163   700000000000116330062025000000000026423104033370000001163                0900000000000010100000000000000000000000000000000000000   000000000000000000000000004        170192477882     
0010001300034U 060000000000000000000000000000000000000000000000000000000000000000000000264230000000000264230000000000000000000000000000002506202526062025            000000000000000                              000                           
0010001300035T 0601897X0000000092096 24778822500001365   700000000000136530062025000000000021957376000010000001365                0900000000000010100000000000000000000000000000000000000   000000000000000000000000004        170192477882     
0010001300036U 060000000000000000000000000000000000000000000000000000000000000000000000219570000000000219570000000000000000000000000000002506202526062025            000000000000000                              000                           
0010001300037T 0601897X0000000092096 24778822500001453   700000000000145330062025000000000021240237002150000001453                0900000000000010100000000000000000000000000000000000000   000000000000000000000000004        170192477882     
0010001300038U 060000000000000000000000000000000000000000000000000000000000000000000000212400000000000212400000000000000000000000000000002506202526062025            000000000000000                              000                           
0010001300039T 0601897X0000000092096 24778822500001822   700000000000182230062025000000000022396033042770000001822                0900000000000010100000000000000000000000000000000000000   000000000000000000000000004        170192477882     
0010001300040U 060000000000000000000000000000000000000000000000000000000000000000000000223960000000000223960000000000000000000000000000002506202526062025            000000000000000                              000                           
0010001300041T 0601897X0000000092096 24778822500001843   700000000000184330062025000000000021981341007960000001843                0900000000000010100000000000000000000000000000000000000   000000000000000000000000004        170192477882     
0010001300042U 060000000000000000000000000000000000000000000000000000000000000000000000219810000000000219810000000000000000000000000000002506202526062025            000000000000000                              000                           
0010001300043T 0601897X0000000092096 24778822500001879   700000000000187930062025000000000021896237033890000001879                0900000000000010100000000000000000000000000000000000000   000000000000000000000000004        170192477882     
0010001300044U 060000000000000000000000000000000000000000000000000000000000000000000000218960000000000218960000000000000000000000000000002506202526062025            000000000000000                              000                           
0010001300045T 0601897X0000000092096 24778822500001891   700000000000189130062025000000000021752033000900000001891                0900000000000010100000000000000000000000000000000000000   000000000000000000000000004        170192477882     
0010001300046U 060000000000000000000000000000000000000000000000000000000000000000000000217520000000000217520000000000000000000000000000002506202526062025            000000000000000                              000                           
0010001300047T 0601897X0000000092096 24778822500002186   700000000000218630062025000000000021956509000010000002186                0900000000000010100000000000000000000000000000000000000   000000000000000000000000004        170192477882     
0010001300048U 060000000000000000000000000000000000000000000000000000000000000000000000219560000000000219560000000000000000000000000000002506202526062025            000000000000000                              000                           
0010001300049T 0601897X0000000092096 24778822500002410   700000000000241030062025000000000020251033000900000002410                0900000000000010100000000000000000000000000000000000000   000000000000000000000000004        170192477882     
0010001300050U 060000000000000000000000000000000000000000000000000000000000000000000000202510000000000202510000000000000000000000000000002506202526062025            000000000000000                              000                           
0010001300051T 0601897X0000000092096 24778822500002483   700000000000248330062025000000000023431237033710000002483                0900000000000010100000000000000000000000000000000000000   000000000000000000000000004        170192477882     
0010001300052U 060000000000000000000000000000000000000000000000000000000000000000000000234310000000000234310000000000000000000000000000002506202526062025            000000000000000                              000                           
0010001300053T 0601897X0000000092096 24778822500003223   700000000000322330062025000000000020152341044580000003223                0900000000000010100000000000000000000000000000000000000   000000000000000000000000004        170192477882     
0010001300054U 060000000000000000000000000000000000000000000000000000000000000000000000201520000000000201520000000000000000000000000000002506202526062025            000000000000000                              000                           
0010001300055T 0601897X0000000092096 24778822500003406   700000000000340630062025000000002434211033002850000003406                0900000000000010100000000000000000000000000000000000000   000000000000000000000000004        170192477882     
0010001300056U 060000000000000000000000000000000000000000000000000000000000000000000024342110000000024342110000000000000000000000000000002506202526062025            000000000000000                              000                           
0010001300057T 0601897X0000000092096 24778822500003462   700000000000346230062025000000001458569341009100000003462                0900000000000010100000000000000000000000000000000000000   000000000000000000000000004        170192477882     
0010001300058U 060000000000000000000000000000000000000000000000000000000000000000000014585690000000014585690000000000000000000000000000002506202526062025            000000000000000                              000                           
0010001300059T 0601897X0000000092096 24778822500003812   700000000000381230062025000000000284172033002850000003812                0900000000000010100000000000000000000000000000000000000   000000000000000000000000004        170192477882     
0010001300060U 060000000000000000000000000000000000000000000000000000000000000000000002841720000000002841720000000000000000000000000000002506202526062025            000000000000000                              000                           
0010001300061T 0601897X0000000092096 24778822500003833   700000000000383330062025000000000276150237033910000003833                0900000000000010100000000000000000000000000000000000000   000000000000000000000000004        170192477882     
0010001300062U 060000000000000000000000000000000000000000000000000000000000000000000002761500000000002761500000000000000000000000000000002506202526062025            000000000000000                              000                           
0010001300063T 0601897X0000000092096 24778822500003889   700000000000388930062025000000000248818033002850000003889                0900000000000010100000000000000000000000000000000000000   000000000000000000000000004        170192477882     
0010001300064U 060000000000000000000000000000000000000000000000000000000000000000000002488180000000002488180000000000000000000000000000002506202526062025            000000000000000                              000                           
0010001300065T 0601897X0000000092096 24778822500004064   700000000000406430062025000000000194048341009120000004064                0900000000000010100000000000000000000000000000000000000   000000000000000000000000004        170192477882     
0010001300066U 060000000000000000000000000000000000000000000000000000000000000000000001940480000000001940480000000000000000000000000000002506202526062025            000000000000000                              000                           
0010001300067T 0601897X0000000092096 24778822500004225   700000000000422530062025000000000154630745000010000004225                0900000000000010100000000000000000000000000000000000000   000000000000000000000000004        170192477882     
0010001300068U 060000000000000000000000000000000000000000000000000000000000000000000001546300000000001546300000000000000000000000000000002506202526062025            000000000000000                              000                           
0010001300069T 0601897X0000000092096 24778822500004226   700000000000422631072025000000000154631745000010000004226                0900000000000010100000000000000000000000000000000000000   000000000000000000000000004        170192477882     
0010001300070U 060000000000000000000000000000000000000000000000000000000000000000000001546310000000001546310000000000000000000000000000002506202526062025            000000000000000                              000                           
0010001300071T 0601897X0000000092096 24778822500004227   700000000000422729082025000000000154631745000010000004227                0900000000000010100000000000000000000000000000000000000   000000000000000000000000004        170192477882     
0010001300072U 060000000000000000000000000000000000000000000000000000000000000000000001546310000000001546310000000000000000000000000000002506202526062025            000000000000000                              000                           
0010001300073T 0601897X0000000092096 24778822500004228   700000000000422830092025000000000154631745000010000004228                0900000000000010100000000000000000000000000000000000000   000000000000000000000000004        170192477882     
0010001300074U 060000000000000000000000000000000000000000000000000000000000000000000001546310000000001546310000000000000000000000000000002506202526062025            000000000000000                              000                           
0010001300075T 0601897X0000000092096 24778822500004229   700000000000422931102025000000000154631745000010000004229                0900000000000010100000000000000000000000000000000000000   000000000000000000000000004        170192477882     
0010001300076U 060000000000000000000000000000000000000000000000000000000000000000000001546310000000001546310000000000000000000000000000002506202526062025            000000000000000                              000                           
0010001300077T 0601897X0000000092096 24778822500004230   700000000000423028112025000000000154631745000010000004230                0900000000000010100000000000000000000000000000000000000   000000000000000000000000004        170192477882     
0010001300078U 060000000000000000000000000000000000000000000000000000000000000000000001546310000000001546310000000000000000000000000000002506202526062025            000000000000000                              000                           
0010001300079T 0601897X0000000092096 24778822500004231   700000000000423119122025000000000154631745000010000004231                0900000000000010100000000000000000000000000000000000000   000000000000000000000000004        170192477882     
0010001300080U 060000000000000000000000000000000000000000000000000000000000000000000001546310000000001546310000000000000000000000000000002506202526062025            000000000000000                              000                           
0010001300081T 0601897X0000000092096 24778822500004393   700000000000439330062025000000000123621341015650000004393                0900000000000010100000000000000000000000000000000000000   000000000000000000000000004        170192477882     
0010001300082U 060000000000000000000000000000000000000000000000000000000000000000000001236210000000001236210000000000000000000000000000002506202526062025            000000000000000                              000                           
0010001300083T 0601897X0000000092096 24778822500004596   700000000000459630062025000000000102403341003780000004596                0900000000000010100000000000000000000000000000000000000   000000000000000000000000004        170192477882     
0010001300084U 060000000000000000000000000000000000000000000000000000000000000000000001024030000000001024030000000000000000000000000000002506202526062025            000000000000000                              000                           
0010001300085T 0601897X0000000092096 24778822500004736   700000000000473630062025000000000088635341015650000004736                0900000000000010100000000000000000000000000000000000000   000000000000000000000000004        170192477882     
0010001300086U 060000000000000000000000000000000000000000000000000000000000000000000000886350000000000886350000000000000000000000000000002506202526062025            000000000000000                              000                           
0010001300087T 0601897X0000000092096 24778822500004953   700000000000495330062025000000000075656341000090000004953                0900000000000010100000000000000000000000000000000000000   000000000000000000000000004        170192477882     
0010001300088U 060000000000000000000000000000000000000000000000000000000000000000000000756560000000000756560000000000000000000000000000002506202526062025            000000000000000                              000                           
0010001300089T 0601897X0000000092096 24778822500005079   700000000000507930062025000000000070474341005460000005079                0900000000000010100000000000000000000000000000000000000   000000000000000000000000004        170192477882     
0010001300090U 060000000000000000000000000000000000000000000000000000000000000000000000704740000000000704740000000000000000000000000000002506202526062025            000000000000000                              000                           
0010001300091T 0601897X0000000092096 24778822500005240   700000000000524030062025000000000063510341015650000005240                0900000000000010100000000000000000000000000000000000000   000000000000000000000000004        170192477882     
0010001300092U 060000000000000000000000000000000000000000000000000000000000000000000000635100000000000635100000000000000000000000000000002506202526062025            000000000000000                              000                           
0010001300093T 0601897X0000000092096 24778822500005310   700000000000531030062025000000000061654033022710000005310                0900000000000010100000000000000000000000000000000000000   000000000000000000000000004        170192477882     
0010001300094U 060000000000000000000000000000000000000000000000000000000000000000000000616540000000000616540000000000000000000000000000002506202526062025            000000000000000                              000                           
0010001300095T 0601897X0000000092096 24778822500005311   700000000000531131072025000000000061654033022710000005311                0900000000000010100000000000000000000000000000000000000   000000000000000000000000004        170192477882     
0010001300096U 060000000000000000000000000000000000000000000000000000000000000000000000616540000000000616540000000000000000000000000000002506202526062025            000000000000000                              000                           
0010001300097T 0601897X0000000092096 24778822500005312   700000000000531229082025000000000061654033022710000005312                0900000000000010100000000000000000000000000000000000000   000000000000000000000000004        170192477882     
0010001300098U 060000000000000000000000000000000000000000000000000000000000000000000000616540000000000616540000000000000000000000000000002506202526062025            000000000000000                              000                           
0010001300099T 0601897X0000000092096 24778822500005313   700000000000531330092025000000000061654033022710000005313                0900000000000010100000000000000000000000000000000000000   000000000000000000000000004        170192477882     
0010001300100U 060000000000000000000000000000000000000000000000000000000000000000000000616540000000000616540000000000000000000000000000002506202526062025            000000000000000                              000                           
0010001300101T 0601897X0000000092096 24778822500005314   700000000000531431102025000000000061654033022710000005314                0900000000000010100000000000000000000000000000000000000   000000000000000000000000004        170192477882     
0010001300102U 060000000000000000000000000000000000000000000000000000000000000000000000616540000000000616540000000000000000000000000000002506202526062025            000000000000000                              000                           
0010001300103T 0601897X0000000092096 24778822500005315   700000000000531528112025000000000061654033022710000005315                0900000000000010100000000000000000000000000000000000000   000000000000000000000000004        170192477882     
0010001300104U 060000000000000000000000000000000000000000000000000000000000000000000000616540000000000616540000000000000000000000000000002506202526062025            000000000000000                              000                           
0010001300105T 0601897X0000000092096 24778822500005316   700000000000531619122025000000000061654033022710000005316                0900000000000010100000000000000000000000000000000000000   000000000000000000000000004        170192477882     
0010001300106U 060000000000000000000000000000000000000000000000000000000000000000000000616540000000000616540000000000000000000000000000002506202526062025            000000000000000                              000                           
0010001300107T 0601897X0000000092096 24778822500005842   700000000000584230062025000000000045308341064580000005842                0900000000000010100000000000000000000000000000000000000   000000000000000000000000004        170192477882     
0010001300108U 060000000000000000000000000000000000000000000000000000000000000000000000453080000000000453080000000000000000000000000000002506202526062025            000000000000000                              000                           
0010001300109T 0601897X0000000092096 24778822500005947   700000000000594730062025000000000042512237013680000005947                0900000000000010100000000000000000000000000000000000000   000000000000000000000000004        170192477882     
0010001300110U 060000000000000000000000000000000000000000000000000000000000000000000000425120000000000425120000000000000000000000000000002506202526062025            000000000000000                              000                           
0010001300111T 0601897X0000000092096 24778822500006080   700000000000608030062025000000000041475104017190000006080                0900000000000010100000000000000000000000000000000000000   000000000000000000000000004        170192477882     
0010001300112U 060000000000000000000000000000000000000000000000000000000000000000000000414750000000000414750000000000000000000000000000002506202526062025            000000000000000                              000                           
0010001300113T 0601897X0000000092096 24778822500006081   700000000000608131072025000000000041476104017190000006081                0900000000000010100000000000000000000000000000000000000   000000000000000000000000004        170192477882     
0010001300114U 060000000000000000000000000000000000000000000000000000000000000000000000414760000000000414760000000000000000000000000000002506202526062025            000000000000000                              000                           
0010001300115T 0601897X0000000092096 24778822500006082   700000000000608229082025000000000041476104017190000006082                0900000000000010100000000000000000000000000000000000000   000000000000000000000000004        170192477882     
0010001300116U 060000000000000000000000000000000000000000000000000000000000000000000000414760000000000414760000000000000000000000000000002506202526062025            000000000000000                              000                           
0010001300117T 0601897X0000000092096 24778822500006083   700000000000608330092025000000000041476104017190000006083                0900000000000010100000000000000000000000000000000000000   000000000000000000000000004        170192477882     
0010001300118U 060000000000000000000000000000000000000000000000000000000000000000000000414760000000000414760000000000000000000000000000002506202526062025            000000000000000                              000                           
0010001300119T 0601897X0000000092096 24778822500006084   700000000000608431102025000000000041476104017190000006084                0900000000000010100000000000000000000000000000000000000   000000000000000000000000004        170192477882     
0010001300120U 060000000000000000000000000000000000000000000000000000000000000000000000414760000000000414760000000000000000000000000000002506202526062025            000000000000000                              000                           
0010001300121T 0601897X0000000092096 24778822500006085   700000000000608528112025000000000041476104017190000006085                0900000000000010100000000000000000000000000000000000000   000000000000000000000000004        170192477882     
0010001300122U 060000000000000000000000000000000000000000000000000000000000000000000000414760000000000414760000000000000000000000000000002506202526062025            000000000000000                              000                           
0010001300123T 0601897X0000000092096 24778822500006086   700000000000608619122025000000000041476104017190000006086                0900000000000010100000000000000000000000000000000000000   000000000000000000000000004        170192477882     
0010001300124U 060000000000000000000000000000000000000000000000000000000000000000000000414760000000000414760000000000000000000000000000002506202526062025            000000000000000                              000                           
0010001300125T 0601897X0000000092096 24778822500006171   700000000000617130062025000000000040150756085660000006171                0900000000000010100000000000000000000000000000000000000   000000000000000000000000004        170192477882     
0010001300126U 060000000000000000000000000000000000000000000000000000000000000000000000401500000000000401500000000000000000000000000000002506202526062025            000000000000000                              000                           
0010001300127T 0601897X0000000092096 24778822500006696   700000000000669630062025000000000032890341015650000006696                0900000000000010100000000000000000000000000000000000000   000000000000000000000000004        170192477882     
0010001300128U 060000000000000000000000000000000000000000000000000000000000000000000000328900000000000328900000000000000000000000000000002506202526062025            000000000000000                              000                           
0010001300129T 0601897X0000000092096 24778822500006941   700000000000694130062025000000000030324509000010000006941                0900000000000010100000000000000000000000000000000000000   000000000000000000000000004        170192477882     
0010001300130U 060000000000000000000000000000000000000000000000000000000000000000000000303240000000000303240000000000000000000000000000002506202526062025            000000000000000                              000                           
0010001300131T 0601897X0000000092096 24778822500006955   700000000000695530062025000000000030195237003160000006955                0900000000000010100000000000000000000000000000000000000   000000000000000000000000004        170192477882     
0010001300132U 060000000000000000000000000000000000000000000000000000000000000000000000301950000000000301950000000000000000000000000000002506202526062025            000000000000000                              000                           
0010001300133T 0601897X0000000092096 24778822500007214   700000000000721430062025000000000027183033003920000007214                0900000000000010100000000000000000000000000000000000000   000000000000000000000000004        170192477882     
0010001300134U 060000000000000000000000000000000000000000000000000000000000000000000000271830000000000271830000000000000000000000000000002506202526062025            000000000000000                              000                           
0010001300135T 0901897X0000000092096 24778822500000128   700000000000012830062025000000000114618001009946000000128                0900000000000000000000000000000000000000000000000000000   000000000000000000000039010        170192477882     
0010001300136U 090000000000000000000000000000000000000000000000000000000000000000000000000000000000000000000000000000000000000000000000002506202500000000            000000000000000                              000                           
0010001300137T 1401897X0000000092096 24778822500000173   700000000000017311072025000000000078411001008117000000173                0900000000000000000000000000000000000000000000000000000   000000000000000000000000000        170192477882     
0010001300138U 140000000000000000000000000000000000000000000000000000000000000000000000000000000000000000000000000000000000000000000000002506202500000000            000000000000000                              000                           
0010001300139T 1401897X0000000092096 24778822500001528   700000000000152815072025000000000026500001003190000001528                0900000000000000000000000000000000000000000000000000000   000000000000000000000000000        170192477882     
0010001300140U 140000000000000000000000000000000000000000000000000000000000000000000000000000000000000000000000000000000000000000000000002506202500000000            000000000000000                              000                           
00100015         000142007897000000020842686440000000000000000000000000000000000000000000000000000000000000000000000000000000000000000000000000000                                                                                              
00199999         000001000144000000                                                                                                                                                            00000000000000000000000000000                    
