00100000         2115139610001160024778820014       01897X0000000092096 FUNDACAO AGENCIA DAS BACIAS HIBANCO DO BRASIL                         21306202502022900609503000000829973081PROCESSAMEN                                                 
00100011T0100020 20115139610001160024778820014       01897X0000000092096 FUNDACAO AGENCIA DAS BACIAS HI                                                                                000000001306202500000000  000000000                      
0010001300001T 0601897X0000000092096 24778822500000217   700000000000021730062025000000000058372341006600000000217                0900000000000010100000000000000000000000000000000000000   000000000000000000000000004        170192477882     
0010001300002U 060000000000000000000000000000000000000000000000000000000000000000000000583720000000000583720000000000000000000000000000001306202516062025            000000000000000                              000                           
0010001300003T 0601897X0000000092096 24778822500000287   700000000000028730062025000000000039523748053630000000287                0900000000000010100000000000000000000000000000000000000   000000000000000000000000004        170192477882     
0010001300004U 060000000000000000000000000000000000000000000000000000000000000000000000395230000000000395230000000000000000000000000000001306202516062025            000000000000000                              000                           
0010001300005T 0601897X0000000092096 24778822500001558   700000000000155830062025000000000025790341000550000001558                0900000000000010100000000000000000000000000000000000000   000000000000000000000000004        170192477882     
0010001300006U 060000000000000000000000000000000000000000000000000000000000000000000000257900000000000257900000000000000000000000000000001306202516062025            000000000000000                              000                           
0010001300007T 0601897X0000000092096 24778822500001681   700000000000168130062025000000000024315341000970000001681                0900000000000010100000000000000000000000000000000000000   000000000000000000000000004        170192477882     
0010001300008U 060000000000000000000000000000000000000000000000000000000000000000000000243150000000000243150000000000000000000000000000001306202516062025            000000000000000                              000                           
0010001300009T 0601897X0000000092096 24778822500001682   700000000000168231072025000000000024314341000970000001682                0900000000000010100000000000000000000000000000000000000   000000000000000000000000004        170192477882     
0010001300010U 060000000000000000000000000000000000000000000000000000000000000000000000243140000000000243140000000000000000000000000000001306202516062025            000000000000000                              000                           
0010001300011T 0601897X0000000092096 24778822500001683   700000000000168329082025000000000024314341000970000001683                0900000000000010100000000000000000000000000000000000000   000000000000000000000000004        170192477882     
0010001300012U 060000000000000000000000000000000000000000000000000000000000000000000000243140000000000243140000000000000000000000000000001306202516062025            000000000000000                              000                           
0010001300013T 0601897X0000000092096 24778822500002198   700000000000219830062025000000000021956033001940000002198                0900000000000010100000000000000000000000000000000000000   000000000000000000000000004        170192477882     
0010001300014U 060000000000000000000000000000000000000000000000000000000000000000000000219560000000000219560000000000000000000000000000001306202516062025            000000000000000                              000                           
0010001300015T 0601897X0000000092096 24778822500004190   700000000000419030062025000000000167298341037650000004190                0900000000000010100000000000000000000000000000000000000   000000000000000000000000004        170192477882     
0010001300016U 060000000000000000000000000000000000000000000000000000000000000000000001672980000000001672980000000000000000000000000000001306202516062025            000000000000000                              000                           
0010001300017T 0601897X0000000092096 24778822500006570   700000000000657030062025000000000033823341000300000006570                0900000000000010100000000000000000000000000000000000000   000000000000000000000000004        170192477882     
0010001300018U 060000000000000000000000000000000000000000000000000000000000000000000000338230000000000338230000000000000000000000000000001306202516062025            000000000000000                              000                           
0010001300019T 0601897X0000000092096 24778822500006780   700000000000678030062025000000000032174341081470000006780                0900000000000010100000000000000000000000000000000000000   000000000000000000000000004        170192477882     
0010001300020U 060000000000000000000000000000000000000000000000000000000000000000000000321740000000000321740000000000000000000000000000001306202516062025            000000000000000                              000                           
0010001300021T 0601897X0000000092096 24778829000008621   7000008621      30062025000000000089780001006998000008621                0900000000000010010000000000000000000000000000000000000   000000000000000000000000032        170192477882     
0010001300022U 060000000000000000000000000000000000000000000000000000000000000000000000897800000000000897800000000000000000000000000000001306202516062025            000000000000000                              000                           
00100015         000024008100000000021709176270000000000000000000000000000000000000000000000000000000000000000000000000000000000000000000000000000                                                                                              
00199999         000001000026000000                                                                                                                                                            00000000000000000000000000000                    
