00100000         2115139610001160024778820014       01897X0000000092096 FUNDACAO AGENCIA DAS BACIAS HIBANCO DO BRASIL                         20708202501461800617103000000829973081PROCESSAMEN                                                 
00100011T0100020 20115139610001160024778820014       01897X0000000092096 FUNDACAO AGENCIA DAS BACIAS HI                                                                                000000000708202500000000  000000000                      
0010001300001T 0201897X0000000092096 24778829000008749   7000008749      29082025000000000034692001003409000008749                0900000000000010500000000000000000000000000000000000000   0000000000000000000000519A9A4      170192477882     
0010001300002U 020000000000000000000000000000000000000000000000000000000000000000000000000000000000000000000000000000000000000000000000000708202500000000            000000000000000                              000                           
0010001300003T 0201897X0000000092096 24778829000008750   7000008750      29082025000000001493786001003190000008750                0900000000000010500000000000000000000000000000000000000   0000000000000000000000519A9A4      170192477882     
0010001300004U 020000000000000000000000000000000000000000000000000000000000000000000000000000000000000000000000000000000000000000000000000708202500000000            000000000000000                              000                           
0010001300005T 0201897X0000000092096 24778829000008751   7000008751      2908202500000000002582800101849X000008751                0900000000000010500000000000000000000000000000000000000   0000000000000000000000519A9A4      170192477882     
0010001300006U 020000000000000000000000000000000000000000000000000000000000000000000000000000000000000000000000000000000000000000000000000708202500000000            000000000000000                              000                           
0010001300007T 0201897X0000000092096 24778829000008752   7000008752      2908202500000000807326800100216X000008752                0900000000000010500000000000000000000000000000000000000   0000000000000000000000519A9A4      170192477882     
0010001300008U 020000000000000000000000000000000000000000000000000000000000000000000000000000000000000000000000000000000000000000000000000708202500000000            000000000000000                              000                           
0010001300009T 0201897X0000000092096 24778829000008753   7000008753      29082025000000000465517001003018000008753                0900000000000010500000000000000000000000000000000000000   0000000000000000000000519A9A4      170192477882     
0010001300010U 020000000000000000000000000000000000000000000000000000000000000000000000000000000000000000000000000000000000000000000000000708202500000000            000000000000000                              000                           
0010001300011T 0601897X0000000092096 24778822500001070   700000000000107031072025000000000029277341000070000001070                0900000000000010100000000000000000000000000000000000000   000000000000000000000000004        170192477882     
0010001300012U 060000000000006530000000000000000000000000000000000000000000000000000000299300000000000299300000000000000000000000000000000708202508082025            000000000000000                              000                           
0010001300013T 0601897X0000000092096 24778822500001470   700000000000147031072025000000000021027104007410000001470                0900000000000010100000000000000000000000000000000000000   000000000000000000000000004        170192477882     
0010001300014U 060000000000004690000000000000000000000000000000000000000000000000000000214960000000000214960000000000000000000000000000000708202508082025            000000000000000                              000                           
0010001300015T 0601897X0000000092096 24778822500001641   700000000000164129082025000000000024397237002150000001641                0900000000000010100000000000000000000000000000000000000   000000000000000000000000004        170192477882     
0010001300016U 060000000000000000000000000000000000000000000000000000000000000000000000243970000000000243970000000000000000000000000000000708202508082025            000000000000000                              000                           
0010001300017T 0601897X0000000092096 24778822500001841   700000000000184131072025000000000022004104002780000001841                0900000000000010100000000000000000000000000000000000000   000000000000000000000000004        170192477882     
0010001300018U 060000000000004910000000000000000000000000000000000000000000000000000000224950000000000224950000000000000000000000000000000708202508082025            000000000000000                              000                           
0010001300019T 0601897X0000000092096 24778822500002589   700000000000258931072025000000000022231341001360000002589                0900000000000010100000000000000000000000000000000000000   000000000000000000000000004        170192477882     
0010001300020U 060000000000004950000000000000000000000000000000000000000000000000000000227260000000000227260000000000000000000000000000000708202508082025            000000000000000                              000                           
00100015         000022004664000000014505784320000000000000000000000000000000000000000000000000000000000000000000000000000000000000000000000000000                                                                                              
00199999         000001000024000000                                                                                                                                                            00000000000000000000000000000                    
