00100000         2115139610001160024778820014       01897X0000000092096 FUNDACAO AGENCIA DAS BACIAS HIBANCO DO BRASIL                         21909202501480900623303000000829973081PROCESSAMEN                                                 
00100011T0100020 20115139610001160024778820014       01897X0000000092096 FUNDACAO AGENCIA DAS BACIAS HI                                                                                000000001909202500000000  000000000                      
0010001300001T 0201897X0000000092096 24778829000008918   7000008918      3009202500000000002922900100216X000008918                0900000000000010500000000000000000000000000000000000000   0000000000000000000000519A9A4      170192477882     
0010001300002U 020000000000000000000000000000000000000000000000000000000000000000000000000000000000000000000000000000000000000000000000001909202500000000            000000000000000                              000                           
0010001300003T 0201897X0000000092096 24778829000008919   7000008919      31102025000000000425686001003018000008919                0900000000000010000000000000000000000000000000000000000   0000000000000000000000519A9        170192477882     
0010001300004U 020000000000000000000000000000000000000000000000000000000000000000000000000000000000000000000000000000000000000000000000001909202500000000            000000000000000                              000                           
0010001300005T 0201897X0000000092096 24778829000008920   7000008920      30092025000000000040500001069833000008920                0900000000000010000000000000000000000000000000000000000   0000000000000000000000519A9        170192477882     
0010001300006U 020000000000000000000000000000000000000000000000000000000000000000000000000000000000000000000000000000000000000000000000001909202500000000            000000000000000                              000                           
0010001300007T 0201897X0000000092096 24778829000008921   7000008921      30092025000000000064890001014753000008921                0900000000000010000000000000000000000000000000000000000   0000000000000000000000519A9        170192477882     
0010001300008U 020000000000000000000000000000000000000000000000000000000000000000000000000000000000000000000000000000000000000000000000001909202500000000            000000000000000                              000                           
0010001300009T 0601897X0000000092096 24778822500003142   700000000000314230092025000000000020788001031437000003142                0900000000000010060000000000000000000000000000000000000   000000000000000000000000033        170192477882     
0010001300010U 060000000000000000000000000000000000000000000000000000000000000000000000207880000000000207880000000000000000000000000000001909202522092025            000000000000000                              000                           
0010001300011T 0601897X0000000092096 24778822500003143   700000000000314331102025000000000020788001031437000003143                0900000000000010060000000000000000000000000000000000000   000000000000000000000000033        170192477882     
0010001300012U 060000000000000000000000000000000000000000000000000000000000000000000000207880000000000207880000000000000000000000000000001909202522092025            000000000000000                              000                           
0010001300013T 0601897X0000000092096 24778822500003144   700000000000314428112025000000000020788001031437000003144                0900000000000010060000000000000000000000000000000000000   000000000000000000000000033        170192477882     
0010001300014U 060000000000000000000000000000000000000000000000000000000000000000000000207880000000000207880000000000000000000000000000001909202522092025            000000000000000                              000                           
0010001300015T 0601897X0000000092096 24778822500003808   700000000000380830092025000000000285427341001100000003808                0900000000000010100000000000000000000000000000000000000   000000000000000000000000004        170192477882     
0010001300016U 060000000000000000000000000000000000000000000000000000000000000000000002854270000000002854270000000000000000000000000000001909202522092025            000000000000000                              000                           
0010001300017T 0601897X0000000092096 24778822500005208   700000000000520830092025000000000064186237020020000005208                0900000000000010100000000000000000000000000000000000000   000000000000000000000000004        170192477882     
0010001300018U 060000000000000000000000000000000000000000000000000000000000000000000000641860000000000641860000000000000000000000000000001909202522092025            000000000000000                              000                           
0010001300019T 0601897X0000000092096 24778822500006496   700000000000649630092025000000000034441237019150000006496                0900000000000010100000000000000000000000000000000000000   000000000000000000000000004        170192477882     
0010001300020U 060000000000000000000000000000000000000000000000000000000000000000000000344410000000000344410000000000000000000000000000001909202522092025            000000000000000                              000                           
0010001300021T 0601897X0000000092096 24778822500006510   700000000000651030092025000000000034212033005750000006510                0900000000000010100000000000000000000000000000000000000   000000000000000000000000004        170192477882     
0010001300022U 060000000000000000000000000000000000000000000000000000000000000000000000342120000000000342120000000000000000000000000000001909202522092025            000000000000000                              000                           
0010001300023T 0601897X0000000092096 24778822500007714   700000000000771430092025000000000022138237020020000007714                0900000000000010100000000000000000000000000000000000000   000000000000000000000000004        170192477882     
0010001300024U 060000000000000000000000000000000000000000000000000000000000000000000000221380000000000221380000000000000000000000000000001909202522092025            000000000000000                              000                           
0010001300025T 0601897X0000000092096 24778829000008846   7000008846      30092025000000000042009237020020000008846                0900000000000010100000000000000000000000000000000000000   000000000000000000000000004        170192477882     
0010001300026U 060000000000000000000000000000000000000000000000000000000000000000000000420090000000000420090000000000000000000000000000001909202522092025            000000000000000                              000                           
0010001300027T 0601897X0000000092096 24778829000008847   7000008847      30092025000000000045841237020020000008847                0900000000000010100000000000000000000000000000000000000   000000000000000000000000004        170192477882     
0010001300028U 060000000000000000000000000000000000000000000000000000000000000000000000458410000000000458410000000000000000000000000000001909202522092025            000000000000000                              000                           
0010001300029T 0601897X0000000092096 24778829000008848   7000008848      30092025000000000132910237020020000008848                0900000000000010100000000000000000000000000000000000000   000000000000000000000000004        170192477882     
0010001300030U 060000000000000000000000000000000000000000000000000000000000000000000001329100000000001329100000000000000000000000000000001909202522092025            000000000000000                              000                           
0010001300031T 0901897X0000000092096 24778822500005396   700000000000539629082025000000000059264001003018000005396                0900000000000000000000000000000000000000000000000000000   000000000000000000000039010        170192477882     
0010001300032U 090000000000000000000000000000000000000000000000000000000000000000000000000000000000000000000000000000000000000000000000001909202500000000            000000000000000                              000                           
0010001300033T 0901897X0000000092096 24778822500005397   700000000000539730092025000000000059264001003018000005397                0900000000000000000000000000000000000000000000000000000   000000000000000000000039010        170192477882     
0010001300034U 090000000000000000000000000000000000000000000000000000000000000000000000000000000000000000000000000000000000000000000000001909202500000000            000000000000000                              000                           
0010001300035T 0901897X0000000092096 24778822500005398   700000000000539831102025000000000059264001003018000005398                0900000000000000000000000000000000000000000000000000000   000000000000000000000039010        170192477882     
0010001300036U 090000000000000000000000000000000000000000000000000000000000000000000000000000000000000000000000000000000000000000000000001909202500000000            000000000000000                              000                           
0010001300037T 0901897X0000000092096 24778822500005399   700000000000539928112025000000000059264001003018000005399                0900000000000000000000000000000000000000000000000000000   000000000000000000000039010        170192477882     
0010001300038U 090000000000000000000000000000000000000000000000000000000000000000000000000000000000000000000000000000000000000000000000001909202500000000            000000000000000                              000                           
0010001300039T 0901897X0000000092096 24778822500005400   700000000000540019122025000000000059264001003018000005400                0900000000000000000000000000000000000000000000000000000   000000000000000000000039010        170192477882     
0010001300040U 090000000000000000000000000000000000000000000000000000000000000000000000000000000000000000000000000000000000000000000000001909202500000000            000000000000000                              000                           
0010001300041T 0301897X0000000092096 24778829000008910   7000008910      3108202300000000001822800100000 000008910                0900000000000000000000000000000000000000000000000000000   000000000000000000000000017        170192477882     
0010001300042U 030000000000000000000000000000000000000000000000000000000000000000000000000000000000000000000000000000000000000000000000001909202500000000            000000000000000                              000                           
00100015         000044003443000000010804316550000000000000000000000000000000000000000000000000000000000000000000000000000000000000000000000000000                                                                                              
00199999         000001000046000000                                                                                                                                                            00000000000000000000000000000                    
