00100000         2115139610001160024778820014       01897X0000000092096 FUNDACAO AGENCIA DAS BACIAS HIBANCO DO BRASIL                         21808202502090800618503000000829973081PROCESSAMEN                                                 
00100011T0100020 20115139610001160024778820014       01897X0000000092096 FUNDACAO AGENCIA DAS BACIAS HI                                                                                000000001808202500000000  000000000                      
0010001300001T 0201897X0000000092096 24778829000008771   7000008771      29082025000000000036467001000566000008771                0900000000000010000000000000000000000000000000000000000   0000000000000000000000519A9        170192477882     
0010001300002U 020000000000000000000000000000000000000000000000000000000000000000000000000000000000000000000000000000000000000000000000001808202500000000            000000000000000                              000                           
0010001300003T 0201897X0000000092096 24778829000008772   7000008772      30092025000000000036467001000566000008772                0900000000000010000000000000000000000000000000000000000   0000000000000000000000519A9        170192477882     
0010001300004U 020000000000000000000000000000000000000000000000000000000000000000000000000000000000000000000000000000000000000000000000001808202500000000            000000000000000                              000                           
0010001300005T 0201897X0000000092096 24778829000008773   7000008773      29082025000000000027417001004596000008773                0900000000000010000000000000000000000000000000000000000   0000000000000000000000519A9        170192477882     
0010001300006U 020000000000000000000000000000000000000000000000000000000000000000000000000000000000000000000000000000000000000000000000001808202500000000            000000000000000                              000                           
0010001300007T 0201897X0000000092096 24778829000008774   7000008774      2908202500000000004546700100216X000008774                0900000000000010000000000000000000000000000000000000000   0000000000000000000000519A9        170192477882     
0010001300008U 020000000000000000000000000000000000000000000000000000000000000000000000000000000000000000000000000000000000000000000000001808202500000000            000000000000000                              000                           
0010001300009T 0201897X0000000092096 24778829000008775   7000008775      2908202500000000006928500100216X000008775                0900000000000010000000000000000000000000000000000000000   0000000000000000000000519A9        170192477882     
0010001300010U 020000000000000000000000000000000000000000000000000000000000000000000000000000000000000000000000000000000000000000000000001808202500000000            000000000000000                              000                           
0010001300011T 0201897X0000000092096 24778829000008776   7000008776      29082025000000000015459001008117000008776                0900000000000010000000000000000000000000000000000000000   0000000000000000000000519A9        170192477882     
0010001300012U 020000000000000000000000000000000000000000000000000000000000000000000000000000000000000000000000000000000000000000000000001808202500000000            000000000000000                              000                           
0010001300013T 0601897X0000000092096 24778822500001176   700000000000117631072025000000000026349341002790000001176                0900000000000010100000000000000000000000000000000000000   000000000000000000000000004        170192477882     
0010001300014U 060000000000006840000000000000000000000000000000000000000000000000000000270330000000000270330000000000000000000000000000001808202519082025            000000000000000                              000                           
00100015         000016004626000000013888042450000000000000000000000000000000000000000000000000000000000000000000000000000000000000000000000000000                                                                                              
00199999         000001000018000000                                                                                                                                                            00000000000000000000000000000                    
