00100000         2115139610001160024778820014       01897X0000000092096 FUNDACAO AGENCIA DAS BACIAS HIBANCO DO BRASIL                         23012202402100700589703000000829973081PROCESSAMEN                                                 
00100011T0100020 20115139610001160024778820014       01897X0000000092096 FUNDACAO AGENCIA DAS BACIAS HI                                                                                000000003012202400000000  000000000                      
0010001300001T 0201897X0000000092096 24778829000008476   7000008476      31012025000000000146957001003409000008476                0900000000000010000000000000000000000000000000000000000   0000000000000000000000519A9        170192477882     
0010001300002U 020000000000000000000000000000000000000000000000000000000000000000000000000000000000000000000000000000000000000000000000003012202400000000            000000000000000                              000                           
0010001300003T 0601897X0000000092096 24778822400002069   700000000000206919122024000000004258695001009741000002069                0900000000000010040000000000000000000000000000000000000   000000000000000000000000034        170192477882     
0010001300004U 060000000001007720000000000000000000000000000000000000000000000000000043594670000000043594670000000000000000000000000000003012202431122024            000000000000000                              000                           
0010001300005T 0601897X0000000092096 24778822400004584   700000000000458429112024000000000039011748054060000004584                0900000000000010100000000000000000000000000000000000000   000000000000000000000000004        170192477882     
0010001300006U 060000000000011820000000000000000000000000000000000000000000000000000000401940000000000401940000000000000000000000000000013012202431122024            000000000000000                              000                           
0010001300007T 0601897X0000000092096 24778822400004585   700000000000458519122024000000000039011748054060000004585                0900000000000010100000000000000000000000000000000000000   000000000000000000000000004        170192477882     
0010001300008U 060000000000009220000000000000000000000000000000000000000000000000000000399340000000000399340000000000000000000000000000013012202431122024            000000000000000                              000                           
0010001300009T 0601897X0000000092096 24778829000008081   7000008081      31122024000000000060638237022970000008081                0900000000000010100000000000000000000000000000000000000   000000000000000000000000004        170192477882     
0010001300010U 060000000000000000000000000000000000000000000000000000000000000000000000606380000000000606380000000000000000000000000000003012202431122024            000000000000000                              000                           
0010001300011T 0601897X0000000092096 24778829000008410   7000008410      31122024000000000061229341005460000008410                0900000000000010100000000000000000000000000000000000000   000000000000000000000000004        170192477882     
0010001300012U 060000000000000000000000000000000000000000000000000000000000000000000000612290000000000612290000000000000000000000000000003012202431122024            000000000000000                              000                           
0010001300013T 0601897X0000000092096 24778829000008413   7000008413      31122024000000000231224341000300000008413                0900000000000010100000000000000000000000000000000000000   000000000000000000000000004        170192477882     
0010001300014U 060000000000000000000000000000000000000000000000000000000000000000000002312240000000002312240000000000000000000000000000003012202431122024            000000000000000                              000                           
0010001300015T 0601897X0000000092096 24778829000008443   7000008443      31122024000000000351001237033910000008443                0900000000000010100000000000000000000000000000000000000   000000000000000000000000004        170192477882     
0010001300016U 060000000000000000000000000000000000000000000000000000000000000000000003510010000000003510010000000000000000000000000000003012202431122024            000000000000000                              000                           
0010001300017T 0601897X0000000092096 24778829000008444   7000008444      31122024000000000107684237022780000008444                0900000000000010100000000000000000000000000000000000000   000000000000000000000000004        170192477882     
0010001300018U 060000000000000000000000000000000000000000000000000000000000000000000001076840000000001076840000000000000000000000000000003012202431122024            000000000000000                              000                           
0010001300019T 0601897X0000000092096 24778829000008446   7000008446      31122024000000000029502033005350000008446                0900000000000010100000000000000000000000000000000000000   000000000000000000000000004        170192477882     
0010001300020U 060000000000000000000000000000000000000000000000000000000000000000000000295020000000000295020000000000000000000000000000003012202431122024            000000000000000                              000                           
0010001300021T 0601897X0000000092096 24778829000008458   7000008458      31122024000000000099564745000710000008458                0900000000000010100000000000000000000000000000000000000   000000000000000000000000004        170192477882     
0010001300022U 060000000000000000000000000000000000000000000000000000000000000000000000995640000000000995640000000000000000000000000000003012202431122024            000000000000000                              000                           
0010001300023T 0601897X0000000092096 24778829000008459   7000008459      31122024000000000210915237033670000008459                0900000000000010100000000000000000000000000000000000000   000000000000000000000000004        170192477882     
0010001300024U 060000000000000000000000000000000000000000000000000000000000000000000002109150000000002109150000000000000000000000000000003012202431122024            000000000000000                              000                           
0010001300025T 0601897X0000000092096 24778829000008470   7000008470      31122024000000000249456341003100000008470                0900000000000010100000000000000000000000000000000000000   000000000000000000000000004        170192477882     
0010001300026U 060000000000000000000000000000000000000000000000000000000000000000000002494560000000002494560000000000000000000000000000003012202431122024            000000000000000                              000                           
00100015         000028000522000000001188539980000000000000000000000000000000000000000000000000000000000000000000000000000000000000000000000000000                                                                                              
00199999         000001000030000000                                                                                                                                                            00000000000000000000000000000                    
