00100000         2115139610001160024778820014       01897X0000000092096 FUNDACAO AGENCIA DAS BACIAS HIBANCO DO BRASIL                         20809202502100600621503000000829973081PROCESSAMEN                                                 
00100011T0100020 20115139610001160024778820014       01897X0000000092096 FUNDACAO AGENCIA DAS BACIAS HI                                                                                000000000809202500000000  000000000                      
0010001300001T 0201897X0000000092096 24778829000008867   7000008867      30092025000000000121547001069833000008867                0900000000000010500000000000000000000000000000000000000   0000000000000000000000519A9A4      170192477882     
0010001300002U 020000000000000000000000000000000000000000000000000000000000000000000000000000000000000000000000000000000000000000000000000809202500000000            000000000000000                              000                           
0010001300003T 0201897X0000000092096 24778829000008868   7000008868      30092025000000000077299001004154000008868                0900000000000010500000000000000000000000000000000000000   0000000000000000000000519A9A4      170192477882     
0010001300004U 020000000000000000000000000000000000000000000000000000000000000000000000000000000000000000000000000000000000000000000000000809202500000000            000000000000000                              000                           
0010001300005T 0201897X0000000092096 24778829000008869   7000008869      30092025000000000762499001003190000008869                0900000000000010500000000000000000000000000000000000000   0000000000000000000000519A9A4      170192477882     
0010001300006U 020000000000000000000000000000000000000000000000000000000000000000000000000000000000000000000000000000000000000000000000000809202500000000            000000000000000                              000                           
0010001300007T 0201897X0000000092096 24778829000008870   7000008870      30092025000000000025536001009946000008870                0900000000000010000000000000000000000000000000000000000   0000000000000000000000519A9        170192477882     
0010001300008U 020000000000000000000000000000000000000000000000000000000000000000000000000000000000000000000000000000000000000000000000000809202500000000            000000000000000                              000                           
0010001300009T 0201897X0000000092096 24778829000008871   7000008871      30092025000000000058554001024171000008871                0900000000000010000000000000000000000000000000000000000   0000000000000000000000519A9        170192477882     
0010001300010U 020000000000000000000000000000000000000000000000000000000000000000000000000000000000000000000000000000000000000000000000000809202500000000            000000000000000                              000                           
0010001300011T 0201897X0000000092096 24778829000008872   7000008872      31102025000000000058553001024171000008872                0900000000000010000000000000000000000000000000000000000   0000000000000000000000519A9        170192477882     
0010001300012U 020000000000000000000000000000000000000000000000000000000000000000000000000000000000000000000000000000000000000000000000000809202500000000            000000000000000                              000                           
0010001300013T 0201897X0000000092096 24778829000008873   7000008873      28112025000000000058553001024171000008873                0900000000000010000000000000000000000000000000000000000   0000000000000000000000519A9        170192477882     
0010001300014U 020000000000000000000000000000000000000000000000000000000000000000000000000000000000000000000000000000000000000000000000000809202500000000            000000000000000                              000                           
0010001300015T 0201897X0000000092096 24778829000008874   7000008874      19122025000000000058553001024171000008874                0900000000000010000000000000000000000000000000000000000   0000000000000000000000519A9        170192477882     
0010001300016U 020000000000000000000000000000000000000000000000000000000000000000000000000000000000000000000000000000000000000000000000000809202500000000            000000000000000                              000                           
0010001300017T 0601897X0000000092096 24778822500001569   700000000000156929082025000000000025649748051850000001569                0900000000000010100000000000000000000000000000000000000   000000000000000000000000004        170192477882     
0010001300018U 060000000000005970000000000000000000000000000000000000000000000000000000262460000000000262460000000000000000000000000000000809202509092025            000000000000000                              000                           
0010001300019T 0601897X0000000092096 24778822500004501   700000000000450130092025000000000110415237014040000004501                0900000000000010100000000000000000000000000000000000000   000000000000000000000000004        170192477882     
0010001300020U 060000000000000000000000000000000000000000000000000000000000000000000001104150000000001104150000000000000000000000000000000809202509092025            000000000000000                              000                           
0010001300021T 0601897X0000000092096 24778822500006118   700000000000611830092025000000000041099756020670000006118                0900000000000010100000000000000000000000000000000000000   000000000000000000000000004        170192477882     
0010001300022U 060000000000000000000000000000000000000000000000000000000000000000000000410990000000000410990000000000000000000000000000000809202509092025            000000000000000                              000                           
0010001300023T 0601897X0000000092096 24778822500007672   700000000000767230092025000000000022503748051850000007672                0900000000000010100000000000000000000000000000000000000   000000000000000000000000004        170192477882     
0010001300024U 060000000000000000000000000000000000000000000000000000000000000000000000225030000000000225030000000000000000000000000000000809202509092025            000000000000000                              000                           
0010001300025T 0601897X0000000092096 24778829000008861   7000008861      30092025000000000040367748051850000008861                0900000000000010100000000000000000000000000000000000000   000000000000000000000000004        170192477882     
0010001300026U 060000000000000000000000000000000000000000000000000000000000000000000000403670000000000403670000000000000000000000000000000809202509092025            000000000000000                              000                           
0010001300027T 0901897X0000000092096 24778822500006614   700000000000661429082025000000000033459001024171000006614                0900000000000000000000000000000000000000000000000000000   000000000000000000000039010        170192477882     
0010001300028U 090000000000000000000000000000000000000000000000000000000000000000000000000000000000000000000000000000000000000000000000000809202500000000            000000000000000                              000                           
0010001300029T 0901897X0000000092096 24778822500006615   700000000000661530092025000000000033459001024171000006615                0900000000000000000000000000000000000000000000000000000   000000000000000000000039010        170192477882     
0010001300030U 090000000000000000000000000000000000000000000000000000000000000000000000000000000000000000000000000000000000000000000000000809202500000000            000000000000000                              000                           
0010001300031T 0901897X0000000092096 24778822500006616   700000000000661631102025000000000033459001024171000006616                0900000000000000000000000000000000000000000000000000000   000000000000000000000039010        170192477882     
0010001300032U 090000000000000000000000000000000000000000000000000000000000000000000000000000000000000000000000000000000000000000000000000809202500000000            000000000000000                              000                           
0010001300033T 0901897X0000000092096 24778822500006617   700000000000661728112025000000000033459001024171000006617                0900000000000000000000000000000000000000000000000000000   000000000000000000000039010        170192477882     
0010001300034U 090000000000000000000000000000000000000000000000000000000000000000000000000000000000000000000000000000000000000000000000000809202500000000            000000000000000                              000                           
0010001300035T 0901897X0000000092096 24778822500006618   700000000000661819122025000000000033459001024171000006618                0900000000000000000000000000000000000000000000000000000   000000000000000000000039010        170192477882     
0010001300036U 090000000000000000000000000000000000000000000000000000000000000000000000000000000000000000000000000000000000000000000000000809202500000000            000000000000000                              000                           
0010001300037T 0901897X0000000092096 24778829000008852   7000008852      30092025000000000121547001069833000008852                0900000000000000000000000000000000000000000000000000000   000000000000000000000039010        170192477882     
0010001300038U 090000000000000000000000000000000000000000000000000000000000000000000000000000000000000000000000000000000000000000000000000809202500000000            000000000000000                              000                           
00100015         000040003479000000011459805280000000000000000000000000000000000000000000000000000000000000000000000000000000000000000000000000000                                                                                              
00199999         000001000042000000                                                                                                                                                            00000000000000000000000000000                    
