00100000         2115139610001160024778820014       01897X0000000092096 FUNDACAO AGENCIA DAS BACIAS HIBANCO DO BRASIL                         23005202501481300607603000000829973081PROCESSAMEN                                                 
00100011T0100020 20115139610001160024778820014       01897X0000000092096 FUNDACAO AGENCIA DAS BACIAS HI                                                                                000000003005202500000000  000000000                      
0010001300001T 0601897X0000000092096 24778829000008292   7000008292      30052025000000000078409341000500000008292                0900000000000010100000000000000000000000000000000000000   000000000000000000000000004        170192477882     
0010001300002U 060000000000000000000000000000000000000000000000000000000000000000000000784090000000000784090000000000000000000000000000003005202502062025            000000000000000                              000                           
0010001300003T 0601897X0000000092096 24778829000008305   7000008305      30052025000000000053035237033710000008305                0900000000000010100000000000000000000000000000000000000   000000000000000000000000004        170192477882     
0010001300004U 060000000000000000000000000000000000000000000000000000000000000000000000530350000000000530350000000000000000000000000000003005202502062025            000000000000000                              000                           
0010001300005T 0601897X0000000092096 24778829000008424   7000008424      30052025000000009000000104003410000008424                0900000000000010100000000000000000000000000000000000000   000000000000000000000000004        170192477882     
0010001300006U 060000000000000000000000000000000000000000000000000000000000000000000090000000000000090000000000000000000000000000000000003005202502062025            000000000000000                              000                           
0010001300007T 0601897X0000000092096 24778829000008430   7000008430      30052025000000001970464104019380000008430                0900000000000010100000000000000000000000000000000000000   000000000000000000000000004        170192477882     
0010001300008U 060000000000000000000000000000000000000000000000000000000000000000000019704640000000019704640000000000000000000000000000003005202502062025            000000000000000                              000                           
0010001300009T 0601897X0000000092096 24778829000008464   7000008464      30052025000000000051722237003220000008464                0900000000000010100000000000000000000000000000000000000   000000000000000000000000004        170192477882     
0010001300010U 060000000000000000000000000000000000000000000000000000000000000000000000517220000000000517220000000000000000000000000000003005202502062025            000000000000000                              000                           
0010001300011T 0601897X0000000092096 24778829000008504   7000008504      30052025000000000103480237001900000008504                0900000000000010100000000000000000000000000000000000000   000000000000000000000000004        170192477882     
0010001300012U 060000000000000000000000000000000000000000000000000000000000000000000001034800000000001034800000000000000000000000000000003005202502062025            000000000000000                              000                           
0010001300013T 0601897X0000000092096 24778829000008525   7000008525      30052025000000000090088033022360000008525                0900000000000010100000000000000000000000000000000000000   000000000000000000000000004        170192477882     
0010001300014U 060000000000000000000000000000000000000000000000000000000000000000000000900880000000000900880000000000000000000000000000003005202502062025            000000000000000                              000                           
0010001300015T 0601897X0000000092096 24778829000008535   7000008535      30052025000000000210698341074310000008535                0900000000000010100000000000000000000000000000000000000   000000000000000000000000004        170192477882     
0010001300016U 060000000000000000000000000000000000000000000000000000000000000000000002106980000000002106980000000000000000000000000000003005202502062025            000000000000000                              000                           
0010001300017T 0601897X0000000092096 24778829000008564   7000008564      30052025000000000200095341091830000008564                0900000000000010100000000000000000000000000000000000000   000000000000000000000000004        170192477882     
0010001300018U 060000000000000000000000000000000000000000000000000000000000000000000002000950000000002000950000000000000000000000000000003005202502062025            000000000000000                              000                           
0010001300019T 0601897X0000000092096 24778829000008566   7000008566      30052025000000000321712001003190000008566                0900000000000010040000000000000000000000000000000000000   000000000000000000000000034        170192477882     
0010001300020U 060000000000000000000000000000000000000000000000000000000000000000000003217120000000003217120000000000000000000000000000003005202502062025            000000000000000                              000                           
0010001300021T 0601897X0000000092096 24778829000008567   7000008567      30052025000000000087135341001640000008567                0900000000000010100000000000000000000000000000000000000   000000000000000000000000004        170192477882     
0010001300022U 060000000000000000000000000000000000000000000000000000000000000000000000871350000000000871350000000000000000000000000000003005202502062025            000000000000000                              000                           
0010001300023T 0601897X0000000092096 24778829000008572   7000008572      30052025000000000695073237014970000008572                0900000000000010100000000000000000000000000000000000000   000000000000000000000000004        170192477882     
0010001300024U 060000000000000000000000000000000000000000000000000000000000000000000006950730000000006950730000000000000000000000000000003005202502062025            000000000000000                              000                           
0010001300025T 0601897X0000000092096 24778829000008573   7000008573      30052025000000000048336341000680000008573                0900000000000010100000000000000000000000000000000000000   000000000000000000000000004        170192477882     
0010001300026U 060000000000000000000000000000000000000000000000000000000000000000000000483360000000000483360000000000000000000000000000003005202502062025            000000000000000                              000                           
0010001300027T 0601897X0000000092096 24778829000008582   7000008582      30052025000000000320548237033930000008582                0900000000000010100000000000000000000000000000000000000   000000000000000000000000004        170192477882     
0010001300028U 060000000000000000000000000000000000000000000000000000000000000000000003205480000000003205480000000000000000000000000000003005202502062025            000000000000000                              000                           
0010001300029T 0601897X0000000092096 24778829000008583   7000008583      30052025000000000310037341000090000008583                0900000000000010100000000000000000000000000000000000000   000000000000000000000000004        170192477882     
0010001300030U 060000000000000000000000000000000000000000000000000000000000000000000003100370000000003100370000000000000000000000000000003005202502062025            000000000000000                              000                           
0010001300031T 0601897X0000000092096 24778829000008584   7000008584      3005202500000000009196000101897X000008584                0900000000000010090000000000000000000000000000000000000   000000000000000000000000006        170192477882     
0010001300032U 060000000000000000000000000000000000000000000000000000000000000000000000919600000000000919600000000000000000000000000000003005202502062025            000000000000000                              000                           
0010001300033T 0601897X0000000092096 24778829000008587   7000008587      30052025000000000081215237001560000008587                0900000000000010100000000000000000000000000000000000000   000000000000000000000000004        170192477882     
0010001300034U 060000000000000000000000000000000000000000000000000000000000000000000000812150000000000812150000000000000000000000000000003005202502062025            000000000000000                              000                           
0010001300035T 0601897X0000000092096 24778829000008588   7000008588      30052025000000000033194033000410000008588                0900000000000010100000000000000000000000000000000000000   000000000000000000000000004        170192477882     
0010001300036U 060000000000000000000000000000000000000000000000000000000000000000000000331940000000000331940000000000000000000000000000003005202502062025            000000000000000                              000                           
00100015         000038000044000000000162185840000000000000000000000000000000000000000000000000000000000000000000000000000000000000000000000000000                                                                                              
00199999         000001000040000000                                                                                                                                                            00000000000000000000000000000                    
