00100000         2115139610001160024778820014       01897X0000000092096 FUNDACAO AGENCIA DAS BACIAS HIBANCO DO BRASIL                         22309202502022600623703000000829973081PROCESSAMEN                                                 
00100011T0100020 20115139610001160024778820014       01897X0000000092096 FUNDACAO AGENCIA DAS BACIAS HI                                                                                000000002309202500000000  000000000                      
0010001300001T 0201897X0000000092096 24778829000008938   7000008938      30092025000000000062494001007994000008938                0900000000000010500000000000000000000000000000000000000   0000000000000000000000519A9A4      170192477882     
0010001300002U 020000000000000000000000000000000000000000000000000000000000000000000000000000000000000000000000000000000000000000000000002309202500000000            000000000000000                              000                           
0010001300003T 0201897X0000000092096 24778829000008939   7000008939      30092025000000000127931001004154000008939                0900000000000010500000000000000000000000000000000000000   0000000000000000000000519A9A4      170192477882     
0010001300004U 020000000000000000000000000000000000000000000000000000000000000000000000000000000000000000000000000000000000000000000000002309202500000000            000000000000000                              000                           
0010001300005T 0201897X0000000092096 24778829000008940   7000008940      30092025000000000067830001009946000008940                0900000000000010500000000000000000000000000000000000000   0000000000000000000000519A9A4      170192477882     
0010001300006U 020000000000000000000000000000000000000000000000000000000000000000000000000000000000000000000000000000000000000000000000002309202500000000            000000000000000                              000                           
0010001300007T 0601897X0000000092096 24778822500002201   700000000000220130092025000000000021958033001940000002201                0900000000000010100000000000000000000000000000000000000   000000000000000000000000004        170192477882     
0010001300008U 060000000000000000000000000000000000000000000000000000000000000000000000219580000000000219580000000000000000000000000000002309202524092025            000000000000000                              000                           
0010001300009T 0601897X0000000092096 24778822500002556   700000000000255630092025000000000022717237019680000002556                0900000000000010100000000000000000000000000000000000000   000000000000000000000000004        170192477882     
0010001300010U 060000000000000000000000000000000000000000000000000000000000000000000000227170000000000227170000000000000000000000000000002309202524092025            000000000000000                              000                           
0010001300011T 0601897X0000000092096 24778822500003962   700000000000396230092025000000000222634745000040000003962                0900000000000010100000000000000000000000000000000000000   000000000000000000000000004        170192477882     
0010001300012U 060000000000000000000000000000000000000000000000000000000000000000000002226340000000002226340000000000000000000000000000002309202524092025            000000000000000                              000                           
0010001300013T 0601897X0000000092096 24778822500004473   700000000000447330092025000000000113141341011450000004473                0900000000000010100000000000000000000000000000000000000   000000000000000000000000004        170192477882     
0010001300014U 060000000000000000000000000000000000000000000000000000000000000000000001131410000000001131410000000000000000000000000000002309202524092025            000000000000000                              000                           
0010001300015T 0601897X0000000092096 24778822500005795   700000000000579529082025000000000047575341004250000005795                0900000000000010100000000000000000000000000000000000000   000000000000000000000000004        170192477882     
0010001300016U 060000000000013470000000000000000000000000000000000000000000000000000000489220000000000489220000000000000000000000000000002309202524092025            000000000000000                              000                           
0010001300017T 0601897X0000000092096 24778822500006650   700000000000665030092025000000000033459033033160000006650                0900000000000010100000000000000000000000000000000000000   000000000000000000000000004        170192477882     
0010001300018U 060000000000000000000000000000000000000000000000000000000000000000000000334590000000000334590000000000000000000000000000002309202524092025            000000000000000                              000                           
0010001300019T 0601897X0000000092096 24778822500006846   700000000000684630092025000000000031368237002140000006846                0900000000000010100000000000000000000000000000000000000   000000000000000000000000004        170192477882     
0010001300020U 060000000000000000000000000000000000000000000000000000000000000000000000313680000000000313680000000000000000000000000000002309202524092025            000000000000000                              000                           
0010001300021T 0601897X0000000092096 24778822500006930   700000000000693030092025000000000030594341000280000006930                0900000000000010100000000000000000000000000000000000000   000000000000000000000000004        170192477882     
0010001300022U 060000000000000000000000000000000000000000000000000000000000000000000000305940000000000305940000000000000000000000000000002309202524092025            000000000000000                              000                           
0010001300023T 0601897X0000000092096 24778822500007217   700000000000721730092025000000000027186033003920000007217                0900000000000010100000000000000000000000000000000000000   000000000000000000000000004        170192477882     
0010001300024U 060000000000000000000000000000000000000000000000000000000000000000000000271860000000000271860000000000000000000000000000002309202524092025            000000000000000                              000                           
0010001300025T 0601897X0000000092096 24778822500007434   700000000000743430092025000000000024863104047920000007434                0900000000000010100000000000000000000000000000000000000   000000000000000000000000004        170192477882     
0010001300026U 060000000000000000000000000000000000000000000000000000000000000000000000248630000000000248630000000000000000000000000000002309202524092025            000000000000000                              000                           
0010001300027T 0601897X0000000092096 24778829000008862   7000008862      30092025000000000033229509000010000008862                0900000000000010100000000000000000000000000000000000000   000000000000000000000000004        170192477882     
0010001300028U 060000000000000000000000000000000000000000000000000000000000000000000000332290000000000332290000000000000000000000000000002309202524092025            000000000000000                              000                           
0010001300029T 0601897X0000000092096 24778829000008915   7000008915      30092025000000000057779237000460000008915                0900000000000010100000000000000000000000000000000000000   000000000000000000000000004        170192477882     
0010001300030U 060000000000000000000000000000000000000000000000000000000000000000000000577790000000000577790000000000000000000000000000002309202524092025            000000000000000                              000                           
00100015         000032003438000000010910520950000000000000000000000000000000000000000000000000000000000000000000000000000000000000000000000000000                                                                                              
00199999         000001000034000000                                                                                                                                                            00000000000000000000000000000                    
