00100000         2115139610001160024778820014       01897X0000000092096 FUNDACAO AGENCIA DAS BACIAS HIBANCO DO BRASIL                         22909202502120600624503000000829973081PROCESSAMEN                                                 
00100011T0100020 20115139610001160024778820014       01897X0000000092096 FUNDACAO AGENCIA DAS BACIAS HI                                                                                000000002909202500000000  000000000                      
0010001300001T 0201897X0000000092096 24778829000008948   7000008948      31102025000000000076746001003409000008948                0900000000000010500000000000000000000000000000000000000   0000000000000000000000519A9A4      170192477882     
0010001300002U 020000000000000000000000000000000000000000000000000000000000000000000000000000000000000000000000000000000000000000000000002909202500000000            000000000000000                              000                           
0010001300003T 0201897X0000000092096 24778829000008949   7000008949      31102025000000000120775001009210000008949                0900000000000010500000000000000000000000000000000000000   0000000000000000000000519A9A4      170192477882     
0010001300004U 020000000000000000000000000000000000000000000000000000000000000000000000000000000000000000000000000000000000000000000000002909202500000000            000000000000000                              000                           
0010001300005T 0201897X0000000092096 24778829000008950   7000008950      3110202500000000007415700101849X000008950                0900000000000010500000000000000000000000000000000000000   0000000000000000000000519A9A4      170192477882     
0010001300006U 020000000000000000000000000000000000000000000000000000000000000000000000000000000000000000000000000000000000000000000000002909202500000000            000000000000000                              000                           
0010001300007T 0601897X0000000092096 24778822500002017   700000000000201730092025000000000024519033032440000002017                0900000000000010100000000000000000000000000000000000000   000000000000000000000000004        170192477882     
0010001300008U 060000000000000000000000000000000000000000000000000000000000000000000000245190000000000245190000000000000000000000000000002909202530092025            000000000000000                              000                           
0010001300009T 0601897X0000000092096 24778822500002213   700000000000221330092025000000000021958341004190000002213                0900000000000010100000000000000000000000000000000000000   000000000000000000000000004        170192477882     
0010001300010U 060000000000000000000000000000000000000000000000000000000000000000000000219580000000000219580000000000000000000000000000002909202530092025            000000000000000                              000                           
0010001300011T 0601897X0000000092096 24778822500002217   700000000000221730092025000000000021958341002790000002217                0900000000000010100000000000000000000000000000000000000   000000000000000000000000004        170192477882     
0010001300012U 060000000000000000000000000000000000000000000000000000000000000000000000219580000000000219580000000000000000000000000000002909202530092025            000000000000000                              000                           
0010001300013T 0601897X0000000092096 24778822500002285   700000000000228530092025000000000021511001033839000002285                0900000000000010040000000000000000000000000000000000000   000000000000000000000000034        170192477882     
0010001300014U 060000000000000000000000000000000000000000000000000000000000000000000000215110000000000215110000000000000000000000000000002909202530092025            000000000000000                              000                           
0010001300015T 0601897X0000000092096 24778822500002293   700000000000229330092025000000000021489341000280000002293                0900000000000010100000000000000000000000000000000000000   000000000000000000000000004        170192477882     
0010001300016U 060000000000000000000000000000000000000000000000000000000000000000000000214890000000000214890000000000000000000000000000002909202530092025            000000000000000                              000                           
0010001300017T 0601897X0000000092096 24778822500002329   700000000000232930092025000000000021176748053430000002329                0900000000000010100000000000000000000000000000000000000   000000000000000000000000004        170192477882     
0010001300018U 060000000000000000000000000000000000000000000000000000000000000000000000211760000000000211760000000000000000000000000000002909202530092025            000000000000000                              000                           
0010001300019T 0601897X0000000092096 24778822500002566   700000000000256630092025000000000022543033036440000002566                0900000000000010100000000000000000000000000000000000000   000000000000000000000000004        170192477882     
0010001300020U 060000000000000000000000000000000000000000000000000000000000000000000000225430000000000225430000000000000000000000000000002909202530092025            000000000000000                              000                           
0010001300021T 0601897X0000000092096 24778822500002616   700000000000261630092025000000000021933237033890000002616                0900000000000010100000000000000000000000000000000000000   000000000000000000000000004        170192477882     
0010001300022U 060000000000000000000000000000000000000000000000000000000000000000000000219330000000000219330000000000000000000000000000002909202530092025            000000000000000                              000                           
0010001300023T 0601897X0000000092096 24778822500002686   700000000000268630092025000000000021079509000010000002686                0900000000000010100000000000000000000000000000000000000   000000000000000000000000004        170192477882     
0010001300024U 060000000000000000000000000000000000000000000000000000000000000000000000210790000000000210790000000000000000000000000000002909202530092025            000000000000000                              000                           
0010001300025T 0601897X0000000092096 24778822500002761   70000000000027613009202500000000002043700101897X000002761                0900000000000010090000000000000000000000000000000000000   000000000000000000000000006        170192477882     
0010001300026U 060000000000000000000000000000000000000000000000000000000000000000000000204370000000000204370000000000000000000000000000002909202530092025            000000000000000                              000                           
0010001300027T 0601897X0000000092096 24778822500002806   700000000000280630092025000000000023266341015860000002806                0900000000000010100000000000000000000000000000000000000   000000000000000000000000004        170192477882     
0010001300028U 060000000000000000000000000000000000000000000000000000000000000000000000232660000000000232660000000000000000000000000000002909202530092025            000000000000000                              000                           
0010001300029T 0601897X0000000092096 24778822500002920   700000000000292030092025000000000022329341000120000002920                0900000000000010100000000000000000000000000000000000000   000000000000000000000000004        170192477882     
0010001300030U 060000000000000000000000000000000000000000000000000000000000000000000000223290000000000223290000000000000000000000000000002909202530092025            000000000000000                              000                           
0010001300031T 0601897X0000000092096 24778822500002926   700000000000292630092025000000000022202341000550000002926                0900000000000010100000000000000000000000000000000000000   000000000000000000000000004        170192477882     
0010001300032U 060000000000000000000000000000000000000000000000000000000000000000000000222020000000000222020000000000000000000000000000002909202530092025            000000000000000                              000                           
0010001300033T 0601897X0000000092096 24778822500003022   700000000000302230092025000000000021804341012920000003022                0900000000000010100000000000000000000000000000000000000   000000000000000000000000004        170192477882     
0010001300034U 060000000000000000000000000000000000000000000000000000000000000000000000218040000000000218040000000000000000000000000000002909202530092025            000000000000000                              000                           
0010001300035T 0601897X0000000092096 24778822500003166   700000000000316630092025000000000020643033000410000003166                0900000000000010100000000000000000000000000000000000000   000000000000000000000000004        170192477882     
0010001300036U 060000000000000000000000000000000000000000000000000000000000000000000000206430000000000206430000000000000000000000000000002909202530092025            000000000000000                              000                           
0010001300037T 0601897X0000000092096 24778822500003220   700000000000322030092025000000000020201237004760000003220                0900000000000010100000000000000000000000000000000000000   000000000000000000000000004        170192477882     
0010001300038U 060000000000000000000000000000000000000000000000000000000000000000000000202010000000000202010000000000000000000000000000002909202530092025            000000000000000                              000                           
0010001300039T 0601897X0000000092096 24778822500003256   700000000000325630092025000000000020021033048780000003256                0900000000000010100000000000000000000000000000000000000   000000000000000000000000004        170192477882     
0010001300040U 060000000000000000000000000000000000000000000000000000000000000000000000200210000000000200210000000000000000000000000000002909202530092025            000000000000000                              000                           
0010001300041T 0601897X0000000092096 24778822500003500   700000000000350030092025000000001019403033020170000003500                0900000000000010100000000000000000000000000000000000000   000000000000000000000000004        170192477882     
0010001300042U 060000000000000000000000000000000000000000000000000000000000000000000010194030000000010194030000000000000000000000000000002909202530092025            000000000000000                              000                           
0010001300043T 0601897X0000000092096 24778822500003556   700000000000355630092025000000000802402341000540000003556                0900000000000010100000000000000000000000000000000000000   000000000000000000000000004        170192477882     
0010001300044U 060000000000000000000000000000000000000000000000000000000000000000000008024020000000008024020000000000000000000000000000002909202530092025            000000000000000                              000                           
0010001300045T 0601897X0000000092096 24778822500003577   700000000000357730092025000000000756708001004561000003577                0900000000000010040000000000000000000000000000000000000   000000000000000000000000034        170192477882     
0010001300046U 060000000000000000000000000000000000000000000000000000000000000000000007567080000000007567080000000000000000000000000000002909202530092025            000000000000000                              000                           
0010001300047T 0601897X0000000092096 24778822500003703   700000000000370330092025000000000403176033030640000003703                0900000000000010100000000000000000000000000000000000000   000000000000000000000000004        170192477882     
0010001300048U 060000000000000000000000000000000000000000000000000000000000000000000004031760000000004031760000000000000000000000000000002909202530092025            000000000000000                              000                           
0010001300049T 0601897X0000000092096 24778822500003920   700000000000392030092025000000000234509237033710000003920                0900000000000010100000000000000000000000000000000000000   000000000000000000000000004        170192477882     
0010001300050U 060000000000000000000000000000000000000000000000000000000000000000000002345090000000002345090000000000000000000000000000002909202530092025            000000000000000                              000                           
0010001300051T 0601897X0000000092096 24778822500003941   700000000000394130092025000000000224176237003060000003941                0900000000000010100000000000000000000000000000000000000   000000000000000000000000004        170192477882     
0010001300052U 060000000000000000000000000000000000000000000000000000000000000000000002241760000000002241760000000000000000000000000000002909202530092025            000000000000000                              000                           
0010001300053T 0601897X0000000092096 24778822500003976   700000000000397630092025000000000219665341007310000003976                0900000000000010100000000000000000000000000000000000000   000000000000000000000000004        170192477882     
0010001300054U 060000000000000000000000000000000000000000000000000000000000000000000002196650000000002196650000000000000000000000000000002909202530092025            000000000000000                              000                           
0010001300055T 0601897X0000000092096 24778822500004130   700000000000413030092025000000000177340001033626000004130                0900000000000010090000000000000000000000000000000000000   000000000000000000000000006        170192477882     
0010001300056U 060000000000000000000000000000000000000000000000000000000000000000000001773400000000001773400000000000000000000000000000002909202530092025            000000000000000                              000                           
0010001300057T 0601897X0000000092096 24778822500004291   700000000000429130092025000000000139348509000010000004291                0900000000000010100000000000000000000000000000000000000   000000000000000000000000004        170192477882     
0010001300058U 060000000000000000000000000000000000000000000000000000000000000000000001393480000000001393480000000000000000000000000000002909202530092025            000000000000000                              000                           
0010001300059T 0601897X0000000092096 24778822500004356   700000000000435628112025000000000125471748052180000004356                0900000000000010100000000000000000000000000000000000000   000000000000000000000000004        170192477882     
0010001300060U 060000000000000000000000000000000000000000000000000000000000000000000001254710000000001254710000000000000000000000000000002909202530092025            000000000000000                              000                           
0010001300061T 0601897X0000000092096 24778822500004357   700000000000435719122025000000000125471748052180000004357                0900000000000010100000000000000000000000000000000000000   000000000000000000000000004        170192477882     
0010001300062U 060000000000000000000000000000000000000000000000000000000000000000000001254710000000001254710000000000000000000000000000002909202530092025            000000000000000                              000                           
0010001300063T 0601897X0000000092096 24778822500004522   700000000000452230092025000000000108297341000280000004522                0900000000000010100000000000000000000000000000000000000   000000000000000000000000004        170192477882     
0010001300064U 060000000000000000000000000000000000000000000000000000000000000000000001082970000000001082970000000000000000000000000000002909202530092025            000000000000000                              000                           
0010001300065T 0601897X0000000092096 24778822500004571   700000000000457130092025000000000104468001031410000004571                0900000000000010010000000000000000000000000000000000000   000000000000000000000000032        170192477882     
0010001300066U 060000000000000000000000000000000000000000000000000000000000000000000001044680000000001044680000000000000000000000000000002909202530092025            000000000000000                              000                           
0010001300067T 0601897X0000000092096 24778822500004823   70000000000048233009202500000000008447100101897X000004823                0900000000000010090000000000000000000000000000000000000   000000000000000000000000006        170192477882     
0010001300068U 060000000000000000000000000000000000000000000000000000000000000000000000844710000000000844710000000000000000000000000000002909202530092025            000000000000000                              000                           
0010001300069T 0601897X0000000092096 24778822500005082   700000000000508230092025000000000070473756075860000005082                0900000000000010100000000000000000000000000000000000000   000000000000000000000000004        170192477882     
0010001300070U 060000000000000000000000000000000000000000000000000000000000000000000000704730000000000704730000000000000000000000000000002909202530092025            000000000000000                              000                           
0010001300071T 0601897X0000000092096 24778822500005110   70000000000051103009202500000000006826900104203X000005110                0900000000000010040000000000000000000000000000000000000   000000000000000000000000034        170192477882     
0010001300072U 060000000000000000000000000000000000000000000000000000000000000000000000682690000000000682690000000000000000000000000000002909202530092025            000000000000000                              000                           
0010001300073T 0601897X0000000092096 24778822500005194   700000000000519430092025000000000064305341000280000005194                0900000000000010100000000000000000000000000000000000000   000000000000000000000000004        170192477882     
0010001300074U 060000000000000000000000000000000000000000000000000000000000000000000000643050000000000643050000000000000000000000000000002909202530092025            000000000000000                              000                           
0010001300075T 0601897X0000000092096 24778822500005264   700000000000526430092025000000000063177341000300000005264                0900000000000010100000000000000000000000000000000000000   000000000000000000000000004        170192477882     
0010001300076U 060000000000000000000000000000000000000000000000000000000000000000000000631770000000000631770000000000000000000000000000002909202530092025            000000000000000                              000                           
0010001300077T 0601897X0000000092096 24778822500005271   700000000000527130092025000000000062736237009270000005271                0900000000000010100000000000000000000000000000000000000   000000000000000000000000004        170192477882     
0010001300078U 060000000000000000000000000000000000000000000000000000000000000000000000627360000000000627360000000000000000000000000000002909202530092025            000000000000000                              000                           
0010001300079T 0601897X0000000092096 24778822500005299   700000000000529930092025000000000062234748051340000005299                0900000000000010100000000000000000000000000000000000000   000000000000000000000000004        170192477882     
0010001300080U 060000000000000000000000000000000000000000000000000000000000000000000000622340000000000622340000000000000000000000000000002909202530092025            000000000000000                              000                           
0010001300081T 0601897X0000000092096 24778822500005481   700000000000548130092025000000000056884341029640000005481                0900000000000010100000000000000000000000000000000000000   000000000000000000000000004        170192477882     
0010001300082U 060000000000000000000000000000000000000000000000000000000000000000000000568840000000000568840000000000000000000000000000002909202530092025            000000000000000                              000                           
0010001300083T 0601897X0000000092096 24778822500005719   700000000000571930092025000000000050189001066249000005719                0900000000000010040000000000000000000000000000000000000   000000000000000000000000034        170192477882     
0010001300084U 060000000000000000000000000000000000000000000000000000000000000000000000501890000000000501890000000000000000000000000000002909202530092025            000000000000000                              000                           
0010001300085T 0601897X0000000092096 24778822500006069   700000000000606930092025000000000041698341032180000006069                0900000000000010100000000000000000000000000000000000000   000000000000000000000000004        170192477882     
0010001300086U 060000000000000000000000000000000000000000000000000000000000000000000000416980000000000416980000000000000000000000000000002909202530092025            000000000000000                              000                           
0010001300087T 0601897X0000000092096 24778822500006097   700000000000609730092025000000000041404237003220000006097                0900000000000010100000000000000000000000000000000000000   000000000000000000000000004        170192477882     
0010001300088U 060000000000000000000000000000000000000000000000000000000000000000000000414040000000000414040000000000000000000000000000002909202530092025            000000000000000                              000                           
0010001300089T 0601897X0000000092096 24778822500006160   700000000000616030092025000000000040569237004800000006160                0900000000000010100000000000000000000000000000000000000   000000000000000000000000004        170192477882     
0010001300090U 060000000000000000000000000000000000000000000000000000000000000000000000405690000000000405690000000000000000000000000000002909202530092025            000000000000000                              000                           
0010001300091T 0601897X0000000092096 24778822500006321   700000000000632130092025000000000037636033009120000006321                0900000000000010100000000000000000000000000000000000000   000000000000000000000000004        170192477882     
0010001300092U 060000000000000000000000000000000000000000000000000000000000000000000000376360000000000376360000000000000000000000000000002909202530092025            000000000000000                              000                           
0010001300093T 0601897X0000000092096 24778822500006538   700000000000653830092025000000000033890237001870000006538                0900000000000010100000000000000000000000000000000000000   000000000000000000000000004        170192477882     
0010001300094U 060000000000000000000000000000000000000000000000000000000000000000000000338900000000000338900000000000000000000000000000002909202530092025            000000000000000                              000                           
0010001300095T 0601897X0000000092096 24778822500006545   700000000000654530092025000000000033877033039120000006545                0900000000000010100000000000000000000000000000000000000   000000000000000000000000004        170192477882     
0010001300096U 060000000000000000000000000000000000000000000000000000000000000000000000338770000000000338770000000000000000000000000000002909202530092025            000000000000000                              000                           
0010001300097T 0601897X0000000092096 24778822500006643   700000000000664330092025000000000033459341083970000006643                0900000000000010100000000000000000000000000000000000000   000000000000000000000000004        170192477882     
0010001300098U 060000000000000000000000000000000000000000000000000000000000000000000000334590000000000334590000000000000000000000000000002909202530092025            000000000000000                              000                           
0010001300099T 0601897X0000000092096 24778822500006664   700000000000666430092025000000000033342341000120000006664                0900000000000010100000000000000000000000000000000000000   000000000000000000000000004        170192477882     
0010001300100U 060000000000000000000000000000000000000000000000000000000000000000000000333420000000000333420000000000000000000000000000002909202530092025            000000000000000                              000                           
0010001300101T 0601897X0000000092096 24778822500006678   700000000000667830092025000000000033150104029680000006678                0900000000000010100000000000000000000000000000000000000   000000000000000000000000004        170192477882     
0010001300102U 060000000000000000000000000000000000000000000000000000000000000000000000331500000000000331500000000000000000000000000000002909202530092025            000000000000000                              000                           
0010001300103T 0601897X0000000092096 24778822500006692   700000000000669230092025000000000032982237029350000006692                0900000000000010100000000000000000000000000000000000000   000000000000000000000000004        170192477882     
0010001300104U 060000000000000000000000000000000000000000000000000000000000000000000000329820000000000329820000000000000000000000000000002909202530092025            000000000000000                              000                           
0010001300105T 0601897X0000000092096 24778822500006923   700000000000692330092025000000000030850237004530000006923                0900000000000010100000000000000000000000000000000000000   000000000000000000000000004        170192477882     
0010001300106U 060000000000000000000000000000000000000000000000000000000000000000000000308500000000000308500000000000000000000000000000002909202530092025            000000000000000                              000                           
0010001300107T 0601897X0000000092096 24778822500007000   700000000000700030092025000000000029862509000010000007000                0900000000000010100000000000000000000000000000000000000   000000000000000000000000004        170192477882     
0010001300108U 060000000000000000000000000000000000000000000000000000000000000000000000298620000000000298620000000000000000000000000000002909202530092025            000000000000000                              000                           
0010001300109T 0601897X0000000092096 24778822500007238   700000000000723830092025000000000027102104003630000007238                0900000000000010100000000000000000000000000000000000000   000000000000000000000000004        170192477882     
0010001300110U 060000000000000000000000000000000000000000000000000000000000000000000000271020000000000271020000000000000000000000000000002909202530092025            000000000000000                              000                           
0010001300111T 0601897X0000000092096 24778822500007259   700000000000725930092025000000000026479341070210000007259                0900000000000010100000000000000000000000000000000000000   000000000000000000000000004        170192477882     
0010001300112U 060000000000000000000000000000000000000000000000000000000000000000000000264790000000000264790000000000000000000000000000002909202530092025            000000000000000                              000                           
0010001300113T 0601897X0000000092096 24778822500007308   700000000000730830092025000000000025483033043780000007308                0900000000000010100000000000000000000000000000000000000   000000000000000000000000004        170192477882     
0010001300114U 060000000000000000000000000000000000000000000000000000000000000000000000254830000000000254830000000000000000000000000000002909202530092025            000000000000000                              000                           
0010001300115T 0601897X0000000092096 24778822500007644   700000000000764430092025000000000022585033002870000007644                0900000000000010100000000000000000000000000000000000000   000000000000000000000000004        170192477882     
0010001300116U 060000000000000000000000000000000000000000000000000000000000000000000000225850000000000225850000000000000000000000000000002909202530092025            000000000000000                              000                           
0010001300117T 0601897X0000000092096 24778822500007721   700000000000772130092025000000000022083341026460000007721                0900000000000010100000000000000000000000000000000000000   000000000000000000000000004        170192477882     
0010001300118U 060000000000000000000000000000000000000000000000000000000000000000000000220830000000000220830000000000000000000000000000002909202530092025            000000000000000                              000                           
0010001300119T 0601897X0000000092096 24778822500007749   700000000000774930092025000000000021885341076490000007749                0900000000000010100000000000000000000000000000000000000   000000000000000000000000004        170192477882     
0010001300120U 060000000000000000000000000000000000000000000000000000000000000000000000218850000000000218850000000000000000000000000000002909202530092025            000000000000000                              000                           
0010001300121T 0601897X0000000092096 24778822500007882   700000000000788230092025000000000020912237003140000007882                0900000000000010100000000000000000000000000000000000000   000000000000000000000000004        170192477882     
0010001300122U 060000000000000000000000000000000000000000000000000000000000000000000000209120000000000209120000000000000000000000000000002909202530092025            000000000000000                              000                           
0010001300123T 0601897X0000000092096 24778822500007952   700000000000795230092025000000000020652033000590000007952                0900000000000010100000000000000000000000000000000000000   000000000000000000000000004        170192477882     
0010001300124U 060000000000000000000000000000000000000000000000000000000000000000000000206520000000000206520000000000000000000000000000002909202530092025            000000000000000                              000                           
0010001300125T 0601897X0000000092096 24778822500008036   700000000000803630092025000000000020075033005350000008036                0900000000000010100000000000000000000000000000000000000   000000000000000000000000004        170192477882     
0010001300126U 060000000000000000000000000000000000000000000000000000000000000000000000200750000000000200750000000000000000000000000000002909202530092025            000000000000000                              000                           
0010001300127T 0601897X0000000092096 24778829000008632   7000008632      30092025000000000027176237004760000008632                0900000000000010100000000000000000000000000000000000000   000000000000000000000000004        170192477882     
0010001300128U 060000000000000000000000000000000000000000000000000000000000000000000000271760000000000271760000000000000000000000000000002909202530092025            000000000000000                              000                           
0010001300129T 0601897X0000000092096 24778829000008725   7000008725      30092025000000000035151341070210000008725                0900000000000010100000000000000000000000000000000000000   000000000000000000000000004        170192477882     
0010001300130U 060000000000000000000000000000000000000000000000000000000000000000000000351510000000000351510000000000000000000000000000002909202530092025            000000000000000                              000                           
0010001300131T 0601897X0000000092096 24778829000008807   7000008807      30092025000000000047232033002870000008807                0900000000000010100000000000000000000000000000000000000   000000000000000000000000004        170192477882     
0010001300132U 060000000000000000000000000000000000000000000000000000000000000000000000472320000000000472320000000000000000000000000000002909202530092025            000000000000000                              000                           
0010001300133T 0601897X0000000092096 24778829000008808   7000008808      30092025000000000040977341026330000008808                0900000000000010100000000000000000000000000000000000000   000000000000000000000000004        170192477882     
0010001300134U 060000000000000000000000000000000000000000000000000000000000000000000000409770000000000409770000000000000000000000000000002909202530092025            000000000000000                              000                           
0010001300135T 0601897X0000000092096 24778829000008819   7000008819      30092025000000000069226237023740000008819                0900000000000010100000000000000000000000000000000000000   000000000000000000000000004        170192477882     
0010001300136U 060000000000000000000000000000000000000000000000000000000000000000000000692260000000000692260000000000000000000000000000002909202530092025            000000000000000                              000                           
0010001300137T 0601897X0000000092096 24778829000008841   7000008841      30092025000000000381012341001940000008841                0900000000000010100000000000000000000000000000000000000   000000000000000000000000004        170192477882     
0010001300138U 060000000000000000000000000000000000000000000000000000000000000000000003810120000000003810120000000000000000000000000000002909202530092025            000000000000000                              000                           
0010001300139T 0601897X0000000092096 24778829000008851   7000008851      30092025000000000024530033001780000008851                0900000000000010100000000000000000000000000000000000000   000000000000000000000000004        170192477882     
0010001300140U 060000000000000000000000000000000000000000000000000000000000000000000000245300000000000245300000000000000000000000000000002909202530092025            000000000000000                              000                           
0010001300141T 0601897X0000000092096 24778829000008885   7000008885      30092025000000000030921341001500000008885                0900000000000010100000000000000000000000000000000000000   000000000000000000000000004        170192477882     
0010001300142U 060000000000000000000000000000000000000000000000000000000000000000000000309210000000000309210000000000000000000000000000002909202530092025            000000000000000                              000                           
0010001300143T 0601897X0000000092096 24778829000008893   7000008893      30092025000000000159102033022710000008893                0900000000000010100000000000000000000000000000000000000   000000000000000000000000004        170192477882     
0010001300144U 060000000000000000000000000000000000000000000000000000000000000000000001591020000000001591020000000000000000000000000000002909202530092025            000000000000000                              000                           
0010001300145T 0601897X0000000092096 24778829000008918   7000008918      30092025000000000029229033000130000008918                0900000000000010100000000000000000000000000000000000000   000000000000000000000000004        170192477882     
0010001300146U 060000000000000000000000000000000000000000000000000000000000000000000000292290000000000292290000000000000000000000000000002909202530092025            000000000000000                              000                           
0010001300147T 0601897X0000000092096 24778829000008938   7000008938      30092025000000000062494033048780000008938                0900000000000010100000000000000000000000000000000000000   000000000000000000000000004        170192477882     
0010001300148U 060000000000000000000000000000000000000000000000000000000000000000000000624940000000000624940000000000000000000000000000002909202530092025            000000000000000                              000                           
0010001300149T 0901897X0000000092096 24778829000008946   7000008946      3009202500000000007342300101849X000008946                0900000000000000000000000000000000000000000000000000000   000000000000000000000039010        170192477882     
0010001300150U 090000000000000000000000000000000000000000000000000000000000000000000000000000000000000000000000000000000000000000000000002909202500000000            000000000000000                              000                           
0010001300151T 1401897X0000000092096 24778829000008945   7000008945      19122025000000000025870001004561000008945                0900000000000000000000000000000000000000000000000000000   000000000000000000000000000        170192477882     
0010001300152U 140000000000000000000000000000000000000000000000000000000000000000000000000000000000000000000000000000000000000000000000002909202500000000            000000000000000                              000                           
00100015         000154003289000000010534166680000000000000000000000000000000000000000000000000000000000000000000000000000000000000000000000000000                                                                                              
00199999         000001000156000000                                                                                                                                                            00000000000000000000000000000                    
