00100000         2115139610001160024778820014       01897X0000000092096 FUNDACAO AGENCIA DAS BACIAS HIBANCO DO BRASIL                         23007202502034500615903000000829973081PROCESSAMEN                                                 
00100011T0100020 20115139610001160024778820014       01897X0000000092096 FUNDACAO AGENCIA DAS BACIAS HI                                                                                000000003007202500000000  000000000                      
0010001300001T 0201897X0000000092096 24778829000008730   7000008730      29082025000000000043125001009946000008730                0900000000000010500000000000000000000000000000000000000   0000000000000000000000519A9A4      170192477882     
0010001300002U 020000000000000000000000000000000000000000000000000000000000000000000000000000000000000000000000000000000000000000000000003007202500000000            000000000000000                              000                           
0010001300003T 0601897X0000000092096 24778822500000047   70000000000000473107202500000000030356700101897X000000047                0900000000000010090000000000000000000000000000000000000   000000000000000000000000006        170192477882     
0010001300004U 060000000000000000000000000000000000000000000000000000000000000000000003035670000000003035670000000000000000000000000000003007202531072025            000000000000000                              000                           
0010001300005T 0601897X0000000092096 24778822500000241   700000000000024131072025000000000048811033000410000000241                0900000000000010100000000000000000000000000000000000000   000000000000000000000000004        170192477882     
0010001300006U 060000000000000000000000000000000000000000000000000000000000000000000000488110000000000488110000000000000000000000000000003007202531072025            000000000000000                              000                           
0010001300007T 0601897X0000000092096 24778822500001134   700000000000113431072025000000000027427422000140000001134                0900000000000010100000000000000000000000000000000000000   000000000000000000000000004        170192477882     
0010001300008U 060000000000000000000000000000000000000000000000000000000000000000000000274270000000000274270000000000000000000000000000003007202531072025            000000000000000                              000                           
0010001300009T 0601897X0000000092096 24778822500001246   700000000000124631072025000000000024886341002790000001246                0900000000000010100000000000000000000000000000000000000   000000000000000000000000004        170192477882     
0010001300010U 060000000000000000000000000000000000000000000000000000000000000000000000248860000000000248860000000000000000000000000000003007202531072025            000000000000000                              000                           
0010001300011T 0601897X0000000092096 24778822500001266   700000000000126631072025000000000024396341006580000001266                0900000000000010100000000000000000000000000000000000000   000000000000000000000000004        170192477882     
0010001300012U 060000000000000000000000000000000000000000000000000000000000000000000000243960000000000243960000000000000000000000000000003007202531072025            000000000000000                              000                           
0010001300013T 0601897X0000000092096 24778822500001344   700000000000134431072025000000000022280033037070000001344                0900000000000010100000000000000000000000000000000000000   000000000000000000000000004        170192477882     
0010001300014U 060000000000000000000000000000000000000000000000000000000000000000000000222800000000000222800000000000000000000000000000003007202531072025            000000000000000                              000                           
0010001300015T 0601897X0000000092096 24778822500001358   700000000000135831072025000000000021957341000070000001358                0900000000000010100000000000000000000000000000000000000   000000000000000000000000004        170192477882     
0010001300016U 060000000000000000000000000000000000000000000000000000000000000000000000219570000000000219570000000000000000000000000000003007202531072025            000000000000000                              000                           
0010001300017T 0601897X0000000092096 24778822500001360   700000000000136031072025000000000021957341007960000001360                0900000000000010100000000000000000000000000000000000000   000000000000000000000000004        170192477882     
0010001300018U 060000000000000000000000000000000000000000000000000000000000000000000000219570000000000219570000000000000000000000000000003007202531072025            000000000000000                              000                           
0010001300019T 0601897X0000000092096 24778822500001362   700000000000136231072025000000000021957001003409000001362                0900000000000010040000000000000000000000000000000000000   000000000000000000000000034        170192477882     
0010001300020U 060000000000000000000000000000000000000000000000000000000000000000000000219570000000000219570000000000000000000000000000003007202531072025            000000000000000                              000                           
0010001300021T 0601897X0000000092096 24778822500001366   700000000000136631072025000000000021957376000010000001366                0900000000000010100000000000000000000000000000000000000   000000000000000000000000004        170192477882     
0010001300022U 060000000000000000000000000000000000000000000000000000000000000000000000219570000000000219570000000000000000000000000000003007202531072025            000000000000000                              000                           
0010001300023T 0601897X0000000092096 24778822500001426   700000000000142631072025000000000021837341048710000001426                0900000000000010100000000000000000000000000000000000000   000000000000000000000000004        170192477882     
0010001300024U 060000000000000000000000000000000000000000000000000000000000000000000000218370000000000218370000000000000000000000000000003007202531072025            000000000000000                              000                           
0010001300025T 0601897X0000000092096 24778822500001446   700000000000144631072025000000000021334001031496000001446                0900000000000010040000000000000000000000000000000000000   000000000000000000000000034        170192477882     
0010001300026U 060000000000000000000000000000000000000000000000000000000000000000000000213340000000000213340000000000000000000000000000003007202531072025            000000000000000                              000                           
0010001300027T 0601897X0000000092096 24778822500001496   700000000000149631072025000000000020494033045480000001496                0900000000000010100000000000000000000000000000000000000   000000000000000000000000004        170192477882     
0010001300028U 060000000000000000000000000000000000000000000000000000000000000000000000204940000000000204940000000000000000000000000000003007202531072025            000000000000000                              000                           
0010001300029T 0601897X0000000092096 24778822500001506   700000000000150631072025000000000020388341018280000001506                0900000000000010100000000000000000000000000000000000000   000000000000000000000000004        170192477882     
0010001300030U 060000000000000000000000000000000000000000000000000000000000000000000000203880000000000203880000000000000000000000000000003007202531072025            000000000000000                              000                           
0010001300031T 0601897X0000000092096 24778822500001592   700000000000159231072025000000000025001341048070000001592                0900000000000010100000000000000000000000000000000000000   000000000000000000000000004        170192477882     
0010001300032U 060000000000000000000000000000000000000000000000000000000000000000000000250010000000000250010000000000000000000000000000003007202531072025            000000000000000                              000                           
0010001300033T 0601897X0000000092096 24778822500001619   700000000000161931072025000000000024478341005600000001619                0900000000000010100000000000000000000000000000000000000   000000000000000000000000004        170192477882     
0010001300034U 060000000000000000000000000000000000000000000000000000000000000000000000244780000000000244780000000000000000000000000000003007202531072025            000000000000000                              000                           
0010001300035T 0601897X0000000092096 24778822500001625   700000000000162531072025000000000024397237008400000001625                0900000000000010100000000000000000000000000000000000000   000000000000000000000000004        170192477882     
0010001300036U 060000000000000000000000000000000000000000000000000000000000000000000000243970000000000243970000000000000000000000000000003007202531072025            000000000000000                              000                           
0010001300037T 0601897X0000000092096 24778822500001697   700000000000169731072025000000000023999341074700000001697                0900000000000010100000000000000000000000000000000000000   000000000000000000000000004        170192477882     
0010001300038U 060000000000000000000000000000000000000000000000000000000000000000000000239990000000000239990000000000000000000000000000003007202531072025            000000000000000                              000                           
0010001300039T 0601897X0000000092096 24778822500001709   700000000000170931072025000000000023879001012270000001709                0900000000000010090000000000000000000000000000000000000   000000000000000000000000006        170192477882     
0010001300040U 060000000000000000000000000000000000000000000000000000000000000000000000238790000000000238790000000000000000000000000000003007202531072025            000000000000000                              000                           
0010001300041T 0601897X0000000092096 24778822500001736   700000000000173631072025000000000023421001003190000001736                0900000000000010060000000000000000000000000000000000000   000000000000000000000000033        170192477882     
0010001300042U 060000000000000000000000000000000000000000000000000000000000000000000000234210000000000234210000000000000000000000000000003007202531072025            000000000000000                              000                           
0010001300043T 0601897X0000000092096 24778822500001799   700000000000179931072025000000000022660237025610000001799                0900000000000010100000000000000000000000000000000000000   000000000000000000000000004        170192477882     
0010001300044U 060000000000000000000000000000000000000000000000000000000000000000000000226600000000000226600000000000000000000000000000003007202531072025            000000000000000                              000                           
0010001300045T 0601897X0000000092096 24778822500001853   700000000000185331072025000000000021958341002790000001853                0900000000000010100000000000000000000000000000000000000   000000000000000000000000004        170192477882     
0010001300046U 060000000000000000000000000000000000000000000000000000000000000000000000219580000000000219580000000000000000000000000000003007202531072025            000000000000000                              000                           
0010001300047T 0601897X0000000092096 24778822500001874   700000000000187431072025000000000021932033003430000001874                0900000000000010100000000000000000000000000000000000000   000000000000000000000000004        170192477882     
0010001300048U 060000000000000000000000000000000000000000000000000000000000000000000000219320000000000219320000000000000000000000000000003007202531072025            000000000000000                              000                           
0010001300049T 0601897X0000000092096 24778822500001880   700000000000188031072025000000000021895237033890000001880                0900000000000010100000000000000000000000000000000000000   000000000000000000000000004        170192477882     
0010001300050U 060000000000000000000000000000000000000000000000000000000000000000000000218950000000000218950000000000000000000000000000003007202531072025            000000000000000                              000                           
0010001300051T 0601897X0000000092096 24778822500001955   700000000000195531072025000000000020493341002790000001955                0900000000000010100000000000000000000000000000000000000   000000000000000000000000004        170192477882     
0010001300052U 060000000000000000000000000000000000000000000000000000000000000000000000204930000000000204930000000000000000000000000000003007202531072025            000000000000000                              000                           
0010001300053T 0601897X0000000092096 24778822500002015   700000000000201531072025000000000024519033032440000002015                0900000000000010100000000000000000000000000000000000000   000000000000000000000000004        170192477882     
0010001300054U 060000000000000000000000000000000000000000000000000000000000000000000000245190000000000245190000000000000000000000000000003007202531072025            000000000000000                              000                           
0010001300055T 0601897X0000000092096 24778822500002123   700000000000212331072025000000000022909341001620000002123                0900000000000010100000000000000000000000000000000000000   000000000000000000000000004        170192477882     
0010001300056U 060000000000000000000000000000000000000000000000000000000000000000000000229090000000000229090000000000000000000000000000003007202531072025            000000000000000                              000                           
0010001300057T 0601897X0000000092096 24778822500002219   700000000000221931072025000000000021958341009100000002219                0900000000000010100000000000000000000000000000000000000   000000000000000000000000004        170192477882     
0010001300058U 060000000000000000000000000000000000000000000000000000000000000000000000219580000000000219580000000000000000000000000000003007202531072025            000000000000000                              000                           
0010001300059T 0601897X0000000092096 24778822500002263   700000000000226331072025000000000021665748077510000002263                0900000000000010100000000000000000000000000000000000000   000000000000000000000000004        170192477882     
0010001300060U 060000000000000000000000000000000000000000000000000000000000000000000000216650000000000216650000000000000000000000000000003007202531072025            000000000000000                              000                           
0010001300061T 0601897X0000000092096 24778822500002264   700000000000226429082025000000000021665748077510000002264                0900000000000010100000000000000000000000000000000000000   000000000000000000000000004        170192477882     
0010001300062U 060000000000000000000000000000000000000000000000000000000000000000000000216650000000000216650000000000000000000000000000003007202531072025            000000000000000                              000                           
0010001300063T 0601897X0000000092096 24778822500002265   700000000000226530092025000000000021665748077510000002265                0900000000000010100000000000000000000000000000000000000   000000000000000000000000004        170192477882     
0010001300064U 060000000000000000000000000000000000000000000000000000000000000000000000216650000000000216650000000000000000000000000000003007202531072025            000000000000000                              000                           
0010001300065T 0601897X0000000092096 24778822500002343   700000000000234331072025000000000021079033022700000002343                0900000000000010100000000000000000000000000000000000000   000000000000000000000000004        170192477882     
0010001300066U 060000000000000000000000000000000000000000000000000000000000000000000000210790000000000210790000000000000000000000000000003007202531072025            000000000000000                              000                           
0010001300067T 0601897X0000000092096 24778822500002407   700000000000240731072025000000000020346341008970000002407                0900000000000010100000000000000000000000000000000000000   000000000000000000000000004        170192477882     
0010001300068U 060000000000000000000000000000000000000000000000000000000000000000000000203460000000000203460000000000000000000000000000003007202531072025            000000000000000                              000                           
0010001300069T 0601897X0000000092096 24778822500002485   700000000000248529082025000000000023430001033626000002485                0900000000000010040000000000000000000000000000000000000   000000000000000000000000034        170192477882     
0010001300070U 060000000000000000000000000000000000000000000000000000000000000000000000234300000000000234300000000000000000000000000000003007202531072025            000000000000000                              000                           
0010001300071T 0601897X0000000092096 24778822500002489   700000000000248931072025000000000023421341002790000002489                0900000000000010100000000000000000000000000000000000000   000000000000000000000000004        170192477882     
0010001300072U 060000000000000000000000000000000000000000000000000000000000000000000000234210000000000234210000000000000000000000000000003007202531072025            000000000000000                              000                           
0010001300073T 0601897X0000000092096 24778822500002504   700000000000250431072025000000000023421341023500000002504                0900000000000010100000000000000000000000000000000000000   000000000000000000000000004        170192477882     
0010001300074U 060000000000000000000000000000000000000000000000000000000000000000000000234210000000000234210000000000000000000000000000003007202531072025            000000000000000                              000                           
0010001300075T 0601897X0000000092096 24778822500002554   700000000000255431072025000000000022717237012960000002554                0900000000000010100000000000000000000000000000000000000   000000000000000000000000004        170192477882     
0010001300076U 060000000000000000000000000000000000000000000000000000000000000000000000227170000000000227170000000000000000000000000000003007202531072025            000000000000000                              000                           
0010001300077T 0601897X0000000092096 24778822500002779   700000000000277931072025000000000020264237001870000002779                0900000000000010100000000000000000000000000000000000000   000000000000000000000000004        170192477882     
0010001300078U 060000000000000000000000000000000000000000000000000000000000000000000000202640000000000202640000000000000000000000000000003007202531072025            000000000000000                              000                           
0010001300079T 0601897X0000000092096 24778822500002918   700000000000291831072025000000000022329341000120000002918                0900000000000010100000000000000000000000000000000000000   000000000000000000000000004        170192477882     
0010001300080U 060000000000000000000000000000000000000000000000000000000000000000000000223290000000000223290000000000000000000000000000003007202531072025            000000000000000                              000                           
0010001300081T 0601897X0000000092096 24778822500002924   700000000000292431072025000000000022202341000550000002924                0900000000000010100000000000000000000000000000000000000   000000000000000000000000004        170192477882     
0010001300082U 060000000000000000000000000000000000000000000000000000000000000000000000222020000000000222020000000000000000000000000000003007202531072025            000000000000000                              000                           
0010001300083T 0601897X0000000092096 24778822500003212   700000000000321231072025000000000020219756077970000003212                0900000000000010100000000000000000000000000000000000000   000000000000000000000000004        170192477882     
0010001300084U 060000000000000000000000000000000000000000000000000000000000000000000000202190000000000202190000000000000000000000000000003007202531072025            000000000000000                              000                           
0010001300085T 0601897X0000000092096 24778822500003309   700000000000330931072025000000007759013104030800000003309                0900000000000010100000000000000000000000000000000000000   000000000000000000000000004        170192477882     
0010001300086U 060000000000000000000000000000000000000000000000000000000000000000000077590130000000077590130000000000000000000000000000003007202531072025            000000000000000                              000                           
0010001300087T 0601897X0000000092096 24778822500003372   700000000000337231072025000000003049483001020125000003372                0900000000000010040000000000000000000000000000000000000   000000000000000000000000034        170192477882     
0010001300088U 060000000000000000000000000000000000000000000000000000000000000000000030494830000000030494830000000000000000000000000000003007202531072025            000000000000000                              000                           
0010001300089T 0601897X0000000092096 24778822500003463   700000000000346331072025000000001458572341009100000003463                0900000000000010100000000000000000000000000000000000000   000000000000000000000000004        170192477882     
0010001300090U 060000000000000000000000000000000000000000000000000000000000000000000014585720000000014585720000000000000000000000000000003007202531072025            000000000000000                              000                           
0010001300091T 0601897X0000000092096 24778822500003498   700000000000349831072025000000001019403033020170000003498                0900000000000010100000000000000000000000000000000000000   000000000000000000000000004        170192477882     
0010001300092U 060000000000000000000000000000000000000000000000000000000000000000000010194030000000010194030000000000000000000000000000003007202531072025            000000000000000                              000                           
0010001300093T 0601897X0000000092096 24778822500003554   700000000000355431072025000000000802402341000540000003554                0900000000000010100000000000000000000000000000000000000   000000000000000000000000004        170192477882     
0010001300094U 060000000000000000000000000000000000000000000000000000000000000000000008024020000000008024020000000000000000000000000000003007202531072025            000000000000000                              000                           
0010001300095T 0601897X0000000092096 24778822500003645   700000000000364531072025000000000568147237033710000003645                0900000000000010100000000000000000000000000000000000000   000000000000000000000000004        170192477882     
0010001300096U 060000000000000000000000000000000000000000000000000000000000000000000005681470000000005681470000000000000000000000000000003007202531072025            000000000000000                              000                           
0010001300097T 0601897X0000000092096 24778822500003701   700000000000370131072025000000000403176033030640000003701                0900000000000010100000000000000000000000000000000000000   000000000000000000000000004        170192477882     
0010001300098U 060000000000000000000000000000000000000000000000000000000000000000000004031760000000004031760000000000000000000000000000003007202531072025            000000000000000                              000                           
0010001300099T 0601897X0000000092096 24778822500003743   700000000000374331072025000000000367873341005600000003743                0900000000000010100000000000000000000000000000000000000   000000000000000000000000004        170192477882     
0010001300100U 060000000000000000000000000000000000000000000000000000000000000000000003678730000000003678730000000000000000000000000000003007202531072025            000000000000000                              000                           
0010001300101T 0601897X0000000092096 24778822500003771   700000000000377131072025000000000295221341000190000003771                0900000000000010100000000000000000000000000000000000000   000000000000000000000000004        170192477882     
0010001300102U 060000000000000000000000000000000000000000000000000000000000000000000002952210000000002952210000000000000000000000000000003007202531072025            000000000000000                              000                           
0010001300103T 0601897X0000000092096 24778822500003806   700000000000380631072025000000000285427341001100000003806                0900000000000010100000000000000000000000000000000000000   000000000000000000000000004        170192477882     
0010001300104U 060000000000000000000000000000000000000000000000000000000000000000000002854270000000002854270000000000000000000000000000003007202531072025            000000000000000                              000                           
0010001300105T 0601897X0000000092096 24778822500003883   700000000000388331072025000000000250775341005600000003883                0900000000000010100000000000000000000000000000000000000   000000000000000000000000004        170192477882     
0010001300106U 060000000000000000000000000000000000000000000000000000000000000000000002507750000000002507750000000000000000000000000000003007202531072025            000000000000000                              000                           
0010001300107T 0601897X0000000092096 24778822500004079   700000000000407931072025000000000184861341005600000004079                0900000000000010100000000000000000000000000000000000000   000000000000000000000000004        170192477882     
0010001300108U 060000000000000000000000000000000000000000000000000000000000000000000001848610000000001848610000000000000000000000000000003007202531072025            000000000000000                              000                           
0010001300109T 0601897X0000000092096 24778822500004128   700000000000412831072025000000000177340001033626000004128                0900000000000010090000000000000000000000000000000000000   000000000000000000000000006        170192477882     
0010001300110U 060000000000000000000000000000000000000000000000000000000000000000000001773400000000001773400000000000000000000000000000003007202531072025            000000000000000                              000                           
0010001300111T 0601897X0000000092096 24778822500004142   700000000000414231072025000000000176651341007960000004142                0900000000000010100000000000000000000000000000000000000   000000000000000000000000004        170192477882     
0010001300112U 060000000000000000000000000000000000000000000000000000000000000000000001766510000000001766510000000000000000000000000000003007202531072025            000000000000000                              000                           
0010001300113T 0601897X0000000092096 24778822500004296   700000000000429631072025000000000138546341040050000004296                0900000000000010100000000000000000000000000000000000000   000000000000000000000000004        170192477882     
0010001300114U 060000000000000000000000000000000000000000000000000000000000000000000001385460000000001385460000000000000000000000000000003007202531072025            000000000000000                              000                           
0010001300115T 0601897X0000000092096 24778822500004394   700000000000439431072025000000000123620341015650000004394                0900000000000010100000000000000000000000000000000000000   000000000000000000000000004        170192477882     
0010001300116U 060000000000000000000000000000000000000000000000000000000000000000000001236200000000001236200000000000000000000000000000003007202531072025            000000000000000                              000                           
0010001300117T 0601897X0000000092096 24778822500004520   700000000000452031072025000000000108297341000280000004520                0900000000000010100000000000000000000000000000000000000   000000000000000000000000004        170192477882     
0010001300118U 060000000000000000000000000000000000000000000000000000000000000000000001082970000000001082970000000000000000000000000000003007202531072025            000000000000000                              000                           
0010001300119T 0601897X0000000092096 24778822500004597   700000000000459731072025000000000102401341003780000004597                0900000000000010100000000000000000000000000000000000000   000000000000000000000000004        170192477882     
0010001300120U 060000000000000000000000000000000000000000000000000000000000000000000001024010000000001024010000000000000000000000000000003007202531072025            000000000000000                              000                           
0010001300121T 0601897X0000000092096 24778822500004737   700000000000473731072025000000000088637341015650000004737                0900000000000010100000000000000000000000000000000000000   000000000000000000000000004        170192477882     
0010001300122U 060000000000000000000000000000000000000000000000000000000000000000000000886370000000000886370000000000000000000000000000003007202531072025            000000000000000                              000                           
0010001300123T 0601897X0000000092096 24778822500004940   700000000000494031072025000000000077471033001780000004940                0900000000000010100000000000000000000000000000000000000   000000000000000000000000004        170192477882     
0010001300124U 060000000000000000000000000000000000000000000000000000000000000000000000774710000000000774710000000000000000000000000000003007202531072025            000000000000000                              000                           
0010001300125T 0601897X0000000092096 24778822500005073   700000000000507331072025000000000071738341008970000005073                0900000000000010100000000000000000000000000000000000000   000000000000000000000000004        170192477882     
0010001300126U 060000000000000000000000000000000000000000000000000000000000000000000000717380000000000717380000000000000000000000000000003007202531072025            000000000000000                              000                           
0010001300127T 0601897X0000000092096 24778822500005080   700000000000508031072025000000000070473341005460000005080                0900000000000010100000000000000000000000000000000000000   000000000000000000000000004        170192477882     
0010001300128U 060000000000000000000000000000000000000000000000000000000000000000000000704730000000000704730000000000000000000000000000003007202531072025            000000000000000                              000                           
0010001300129T 0601897X0000000092096 24778822500005192   700000000000519231072025000000000064305341000280000005192                0900000000000010100000000000000000000000000000000000000   000000000000000000000000004        170192477882     
0010001300130U 060000000000000000000000000000000000000000000000000000000000000000000000643050000000000643050000000000000000000000000000003007202531072025            000000000000000                              000                           
0010001300131T 0601897X0000000092096 24778822500005199   700000000000519931072025000000000064294509000010000005199                0900000000000010100000000000000000000000000000000000000   000000000000000000000000004        170192477882     
0010001300132U 060000000000000000000000000000000000000000000000000000000000000000000000642940000000000642940000000000000000000000000000003007202531072025            000000000000000                              000                           
0010001300133T 0601897X0000000092096 24778822500005241   700000000000524131072025000000000063511341015650000005241                0900000000000010100000000000000000000000000000000000000   000000000000000000000000004        170192477882     
0010001300134U 060000000000000000000000000000000000000000000000000000000000000000000000635110000000000635110000000000000000000000000000003007202531072025            000000000000000                              000                           
0010001300135T 0601897X0000000092096 24778822500005255   700000000000525531072025000000000063229341080460000005255                0900000000000010100000000000000000000000000000000000000   000000000000000000000000004        170192477882     
0010001300136U 060000000000000000000000000000000000000000000000000000000000000000000000632290000000000632290000000000000000000000000000003007202531072025            000000000000000                              000                           
0010001300137T 0601897X0000000092096 24778822500005262   700000000000526231072025000000000063177341000300000005262                0900000000000010100000000000000000000000000000000000000   000000000000000000000000004        170192477882     
0010001300138U 060000000000000000000000000000000000000000000000000000000000000000000000631770000000000631770000000000000000000000000000003007202531072025            000000000000000                              000                           
0010001300139T 0601897X0000000092096 24778822500005367   700000000000536731072025000000000060226237029350000005367                0900000000000010100000000000000000000000000000000000000   000000000000000000000000004        170192477882     
0010001300140U 060000000000000000000000000000000000000000000000000000000000000000000000602260000000000602260000000000000000000000000000003007202531072025            000000000000000                              000                           
0010001300141T 0601897X0000000092096 24778822500005402   700000000000540231072025000000000058898001001678000005402                0900000000000010060000000000000000000000000000000000000   000000000000000000000000033        170192477882     
0010001300142U 060000000000000000000000000000000000000000000000000000000000000000000000588980000000000588980000000000000000000000000000003007202531072025            000000000000000                              000                           
0010001300143T 0601897X0000000092096 24778822500005584   700000000000558431072025000000000052965341005600000005584                0900000000000010100000000000000000000000000000000000000   000000000000000000000000004        170192477882     
0010001300144U 060000000000000000000000000000000000000000000000000000000000000000000000529650000000000529650000000000000000000000000000003007202531072025            000000000000000                              000                           
0010001300145T 0601897X0000000092096 24778822500005766   700000000000576631072025000000000048097104002790000005766                0900000000000010100000000000000000000000000000000000000   000000000000000000000000004        170192477882     
0010001300146U 060000000000000000000000000000000000000000000000000000000000000000000000480970000000000480970000000000000000000000000000003007202531072025            000000000000000                              000                           
0010001300147T 0601897X0000000092096 24778822500005829   700000000000582931072025000000000045772341001690000005829                0900000000000010100000000000000000000000000000000000000   000000000000000000000000004        170192477882     
0010001300148U 060000000000000000000000000000000000000000000000000000000000000000000000457720000000000457720000000000000000000000000000003007202531072025            000000000000000                              000                           
0010001300149T 0601897X0000000092096 24778822500006059   700000000000605930072025000000000041719104039660000006059                0900000000000010100000000000000000000000000000000000000   000000000000000000000000004        170192477882     
0010001300150U 060000000000000000000000000000000000000000000000000000000000000000000000417190000000000417190000000000000000000000000000003007202531072025            000000000000000                              000                           
0010001300151T 0601897X0000000092096 24778822500006060   700000000000606031072025000000000041719104039660000006060                0900000000000010100000000000000000000000000000000000000   000000000000000000000000004        170192477882     
0010001300152U 060000000000000000000000000000000000000000000000000000000000000000000000417190000000000417190000000000000000000000000000003007202531072025            000000000000000                              000                           
0010001300153T 0601897X0000000092096 24778822500006067   700000000000606731072025000000000041698341032180000006067                0900000000000010100000000000000000000000000000000000000   000000000000000000000000004        170192477882     
0010001300154U 060000000000000000000000000000000000000000000000000000000000000000000000416980000000000416980000000000000000000000000000003007202531072025            000000000000000                              000                           
0010001300155T 0601897X0000000092096 24778822500006088   700000000000608831072025000000000041406001045659000006088                0900000000000010060000000000000000000000000000000000000   000000000000000000000000033        170192477882     
0010001300156U 060000000000000000000000000000000000000000000000000000000000000000000000414060000000000414060000000000000000000000000000003007202531072025            000000000000000                              000                           
0010001300157T 0601897X0000000092096 24778822500006179   700000000000617931072025000000000039801341015650000006179                0900000000000010100000000000000000000000000000000000000   000000000000000000000000004        170192477882     
0010001300158U 060000000000000000000000000000000000000000000000000000000000000000000000398010000000000398010000000000000000000000000000003007202531072025            000000000000000                              000                           
0010001300159T 0601897X0000000092096 24778822500006277   700000000000627731072025000000000037641237013400000006277                0900000000000010100000000000000000000000000000000000000   000000000000000000000000004        170192477882     
0010001300160U 060000000000000000000000000000000000000000000000000000000000000000000000376410000000000376410000000000000000000000000000003007202531072025            000000000000000                              000                           
0010001300161T 0601897X0000000092096 24778822500006312   700000000000631231072025000000000037641341003010000006312                0900000000000010100000000000000000000000000000000000000   000000000000000000000000004        170192477882     
0010001300162U 060000000000000000000000000000000000000000000000000000000000000000000000376410000000000376410000000000000000000000000000003007202531072025            000000000000000                              000                           
0010001300163T 0601897X0000000092096 24778822500006319   700000000000631931072025000000000037636033009120000006319                0900000000000010100000000000000000000000000000000000000   000000000000000000000000004        170192477882     
0010001300164U 060000000000000000000000000000000000000000000000000000000000000000000000376360000000000376360000000000000000000000000000003007202531072025            000000000000000                              000                           
0010001300165T 0601897X0000000092096 24778822500006361   700000000000636131072025000000000036512341018280000006361                0900000000000010100000000000000000000000000000000000000   000000000000000000000000004        170192477882     
0010001300166U 060000000000000000000000000000000000000000000000000000000000000000000000365120000000000365120000000000000000000000000000003007202531072025            000000000000000                              000                           
0010001300167T 0601897X0000000092096 24778822500006452   700000000000645231072025000000000035550756013660000006452                0900000000000010100000000000000000000000000000000000000   000000000000000000000000004        170192477882     
0010001300168U 060000000000000000000000000000000000000000000000000000000000000000000000355500000000000355500000000000000000000000000000003007202531072025            000000000000000                              000                           
0010001300169T 0601897X0000000092096 24778822500006536   700000000000653631072025000000000033890237001870000006536                0900000000000010100000000000000000000000000000000000000   000000000000000000000000004        170192477882     
0010001300170U 060000000000000000000000000000000000000000000000000000000000000000000000338900000000000338900000000000000000000000000000003007202531072025            000000000000000                              000                           
0010001300171T 0601897X0000000092096 24778822500006634   700000000000663431072025000000000033459237033710000006634                0900000000000010100000000000000000000000000000000000000   000000000000000000000000004        170192477882     
0010001300172U 060000000000000000000000000000000000000000000000000000000000000000000000334590000000000334590000000000000000000000000000003007202531072025            000000000000000                              000                           
0010001300173T 0601897X0000000092096 24778822500006662   700000000000666231072025000000000033342341000120000006662                0900000000000010100000000000000000000000000000000000000   000000000000000000000000004        170192477882     
0010001300174U 060000000000000000000000000000000000000000000000000000000000000000000000333420000000000333420000000000000000000000000000003007202531072025            000000000000000                              000                           
0010001300175T 0601897X0000000092096 24778822500006676   700000000000667631072025000000000033150104029680000006676                0900000000000010100000000000000000000000000000000000000   000000000000000000000000004        170192477882     
0010001300176U 060000000000000000000000000000000000000000000000000000000000000000000000331500000000000331500000000000000000000000000000003007202531072025            000000000000000                              000                           
0010001300177T 0601897X0000000092096 24778822500006683   700000000000668331072025000000000033137001065072000006683                0900000000000010040000000000000000000000000000000000000   000000000000000000000000034        170192477882     
0010001300178U 060000000000000000000000000000000000000000000000000000000000000000000000331370000000000331370000000000000000000000000000003007202531072025            000000000000000                              000                           
0010001300179T 0601897X0000000092096 24778822500006697   700000000000669731072025000000000032889341015650000006697                0900000000000010100000000000000000000000000000000000000   000000000000000000000000004        170192477882     
0010001300180U 060000000000000000000000000000000000000000000000000000000000000000000000328890000000000328890000000000000000000000000000003007202531072025            000000000000000                              000                           
0010001300181T 0601897X0000000092096 24778822500006851   700000000000685131072025000000000031368341002790000006851                0900000000000010100000000000000000000000000000000000000   000000000000000000000000004        170192477882     
0010001300182U 060000000000000000000000000000000000000000000000000000000000000000000000313680000000000313680000000000000000000000000000003007202531072025            000000000000000                              000                           
0010001300183T 0601897X0000000092096 24778822500007222   700000000000722231072025000000000027186341007310000007222                0900000000000010100000000000000000000000000000000000000   000000000000000000000000004        170192477882     
0010001300184U 060000000000000000000000000000000000000000000000000000000000000000000000271860000000000271860000000000000000000000000000003007202531072025            000000000000000                              000                           
0010001300185T 0601897X0000000092096 24778822500007803   700000000000780331072025000000000021058237003140000007803                0900000000000010100000000000000000000000000000000000000   000000000000000000000000004        170192477882     
0010001300186U 060000000000000000000000000000000000000000000000000000000000000000000000210580000000000210580000000000000000000000000000003007202531072025            000000000000000                              000                           
0010001300187T 0601897X0000000092096 24778822500007894   700000000000789431072025000000000020912001031666000007894                0900000000000010040000000000000000000000000000000000000   000000000000000000000000034        170192477882     
0010001300188U 060000000000000000000000000000000000000000000000000000000000000000000000209120000000000209120000000000000000000000000000003007202531072025            000000000000000                              000                           
0010001300189T 0601897X0000000092096 24778822500008034   700000000000803431072025000000000020075033005350000008034                0900000000000010100000000000000000000000000000000000000   000000000000000000000000004        170192477882     
0010001300190U 060000000000000000000000000000000000000000000000000000000000000000000000200750000000000200750000000000000000000000000000003007202531072025            000000000000000                              000                           
0010001300191T 0601897X0000000092096 24778822500008041   700000000000804131072025000000000020075341083650000008041                0900000000000010100000000000000000000000000000000000000   000000000000000000000000004        170192477882     
0010001300192U 060000000000000000000000000000000000000000000000000000000000000000000000200750000000000200750000000000000000000000000000003007202531072025            000000000000000                              000                           
0010001300193T 0601897X0000000092096 24778822500008055   700000000000805531072025000000000020075001022187000008055                0900000000000010060000000000000000000000000000000000000   000000000000000000000000033        170192477882     
0010001300194U 060000000000000000000000000000000000000000000000000000000000000000000000200750000000000200750000000000000000000000000000003007202531072025            000000000000000                              000                           
0010001300195T 0601897X0000000092096 24778829000008622   7000008622      3107202500000000044792200101897X000008622                0900000000000010090000000000000000000000000000000000000   000000000000000000000000006        170192477882     
0010001300196U 060000000000000000000000000000000000000000000000000000000000000000000004479220000000004479220000000000000000000000000000003007202531072025            000000000000000                              000                           
0010001300197T 0601897X0000000092096 24778829000008626   7000008626      31072025000000000017325237033970000008626                0900000000000010100000000000000000000000000000000000000   000000000000000000000000004        170192477882     
0010001300198U 060000000000000000000000000000000000000000000000000000000000000000000000173250000000000173250000000000000000000000000000003007202531072025            000000000000000                              000                           
0010001300199T 0601897X0000000092096 24778829000008652   7000008652      3107202500000000023739700101897X000008652                0900000000000010090000000000000000000000000000000000000   000000000000000000000000006        170192477882     
0010001300200U 060000000000000000000000000000000000000000000000000000000000000000000002373970000000002373970000000000000000000000000000003007202531072025            000000000000000                              000                           
0010001300201T 0601897X0000000092096 24778829000008668   7000008668      31072025000000000252286509000010000008668                0900000000000010100000000000000000000000000000000000000   000000000000000000000000004        170192477882     
0010001300202U 060000000000000000000000000000000000000000000000000000000000000000000002522860000000002522860000000000000000000000000000003007202531072025            000000000000000                              000                           
0010001300203T 0601897X0000000092096 24778829000008695   7000008695      31072025000000000067357104040840000008695                0900000000000010100000000000000000000000000000000000000   000000000000000000000000004        170192477882     
0010001300204U 060000000000000000000000000000000000000000000000000000000000000000000000673570000000000673570000000000000000000000000000003007202531072025            000000000000000                              000                           
0010001300205T 1401897X0000000092096 24778822500000702   700000000000070208082025000000000023342001009903000000702                0900000000000000000000000000000000000000000000000000000   000000000000000000000000000        170192477882     
0010001300206U 140000000000000000000000000000000000000000000000000000000000000000000000000000000000000000000000000000000000000000000000003007202500000000            000000000000000                              000                           
0010001300207T 1401897X0000000092096 24778822500000854   700000000000085406082025000000000017630001009946000000854                0900000000000000000000000000000000000000000000000000000   000000000000000000000000000        170192477882     
0010001300208U 140000000000000000000000000000000000000000000000000000000000000000000000000000000000000000000000000000000000000000000000003007202500000000            000000000000000                              000                           
00100015         000210006130000000016700357890000000000000000000000000000000000000000000000000000000000000000000000000000000000000000000000000000                                                                                              
00199999         000001000212000000                                                                                                                                                            00000000000000000000000000000                    
