00100000         2115139610001160024778820014       01897X0000000092096 FUNDACAO AGENCIA DAS BACIAS HIBANCO DO BRASIL                         21402202502134200595503000000829973081PROCESSAMEN                                                 
00100011T0100020 20115139610001160024778820014       01897X0000000092096 FUNDACAO AGENCIA DAS BACIAS HI                                                                                000000001402202500000000  000000000                      
0010001300001T 0601897X0000000092096 24778829000008492   7000008492      31012025000000000103278341029770000008492                0900000000000010100000000000000000000000000000000000000   000000000000000000000000004        170192477882     
0010001300002U 060000000000025460000000000000000000000000000000000000000000000000000001058240000000001058240000000000000000000000000000001402202517022025            000000000000000                              000                           
00100015         000004000050000000000636155120000000000000000000000000000000000000000000000000000000000000000000000000000000000000000000000000000                                                                                              
00199999         000001000006000000                                                                                                                                                            00000000000000000000000000000                    
