00100000         2115139610001160024778820014       01897X0000000092096 FUNDACAO AGENCIA DAS BACIAS HIBANCO DO BRASIL                         21208202501461700617703000000829973081PROCESSAMEN                                                 
00100011T0100020 20115139610001160024778820014       01897X0000000092096 FUNDACAO AGENCIA DAS BACIAS HI                                                                                000000001208202500000000  000000000                      
0010001300001T 0201897X0000000092096 24778829000008762   7000008762      29082025000000000019654001001678000008762                0900000000000010000000000000000000000000000000000000000   0000000000000000000000519A9        170192477882     
0010001300002U 020000000000000000000000000000000000000000000000000000000000000000000000000000000000000000000000000000000000000000000000001208202500000000            000000000000000                              000                           
0010001300003T 0201897X0000000092096 24778829000008763   7000008763      29082025000000000052080001003190000008763                0900000000000010000000000000000000000000000000000000000   0000000000000000000000519A9        170192477882     
0010001300004U 020000000000000000000000000000000000000000000000000000000000000000000000000000000000000000000000000000000000000000000000001208202500000000            000000000000000                              000                           
0010001300005T 0201897X0000000092096 24778829000008764   7000008764      29082025000000000033470001024538000008764                0900000000000010500000000000000000000000000000000000000   0000000000000000000000519A9A4      170192477882     
0010001300006U 020000000000000000000000000000000000000000000000000000000000000000000000000000000000000000000000000000000000000000000000001208202500000000            000000000000000                              000                           
0010001300007T 0601897X0000000092096 24778822500001560   700000000000156029082025000000000025790341000550000001560                0900000000000010100000000000000000000000000000000000000   000000000000000000000000004        170192477882     
0010001300008U 060000000000000000000000000000000000000000000000000000000000000000000000257900000000000257900000000000000000000000000000001208202513082025            000000000000000                              000                           
0010001300009T 0601897X0000000092096 24778822500002040   700000000000204029082025000000000023863237005200000002040                0900000000000010100000000000000000000000000000000000000   000000000000000000000000004        170192477882     
0010001300010U 060000000000000000000000000000000000000000000000000000000000000000000000238630000000000238630000000000000000000000000000001208202513082025            000000000000000                              000                           
0010001300011T 0601897X0000000092096 24778822500002555   700000000000255529082025000000000022717104012030000002555                0900000000000010100000000000000000000000000000000000000   000000000000000000000000004        170192477882     
0010001300012U 060000000000000000000000000000000000000000000000000000000000000000000000227170000000000227170000000000000000000000000000001208202513082025            000000000000000                              000                           
0010001300013T 0601897X0000000092096 24778822500002585   700000000000258529082025000000000022237033036890000002585                0900000000000010100000000000000000000000000000000000000   000000000000000000000000004        170192477882     
0010001300014U 060000000000000000000000000000000000000000000000000000000000000000000000222370000000000222370000000000000000000000000000001208202513082025            000000000000000                              000                           
0010001300015T 0601897X0000000092096 24778822500006495   700000000000649529082025000000000034441237019150000006495                0900000000000010100000000000000000000000000000000000000   000000000000000000000000004        170192477882     
0010001300016U 060000000000000000000000000000000000000000000000000000000000000000000000344410000000000344410000000000000000000000000000001208202513082025            000000000000000                              000                           
0010001300017T 0601897X0000000092096 24778822500006782   700000000000678229082025000000000032176341081470000006782                0900000000000010100000000000000000000000000000000000000   000000000000000000000000004        170192477882     
0010001300018U 060000000000000000000000000000000000000000000000000000000000000000000000321760000000000321760000000000000000000000000000001208202513082025            000000000000000                              000                           
0010001300019T 0601897X0000000092096 24778822500007671   700000000000767129082025000000000022503748051850000007671                0900000000000010100000000000000000000000000000000000000   000000000000000000000000004        170192477882     
0010001300020U 060000000000000000000000000000000000000000000000000000000000000000000000225030000000000225030000000000000000000000000000001208202513082025            000000000000000                              000                           
00100015         000022004644000000014466210130000000000000000000000000000000000000000000000000000000000000000000000000000000000000000000000000000                                                                                              
00199999         000001000024000000                                                                                                                                                            00000000000000000000000000000                    
