00100000         2115139610001160024778820014       01897X0000000092096 FUNDACAO AGENCIA DAS BACIAS HIBANCO DO BRASIL                         22608202502065900619703000000829973081PROCESSAMEN                                                 
00100011T0100020 20115139610001160024778820014       01897X0000000092096 FUNDACAO AGENCIA DAS BACIAS HI                                                                                000000002608202500000000  000000000                      
0010001300001T 0201897X0000000092096 24778829000008803   7000008803      30092025000000000107685001003018000008803                0900000000000010500000000000000000000000000000000000000   0000000000000000000000519A9A4      170192477882     
0010001300002U 020000000000000000000000000000000000000000000000000000000000000000000000000000000000000000000000000000000000000000000000002608202500000000            000000000000000                              000                           
0010001300003T 0201897X0000000092096 24778829000008804   7000008804      30092025000000000056269001009903000008804                0900000000000010000000000000000000000000000000000000000   0000000000000000000000519A9        170192477882     
0010001300004U 020000000000000000000000000000000000000000000000000000000000000000000000000000000000000000000000000000000000000000000000002608202500000000            000000000000000                              000                           
0010001300005T 0201897X0000000092096 24778829000008805   7000008805      30092025000000000078326001007994000008805                0900000000000010500000000000000000000000000000000000000   0000000000000000000000519A9A4      170192477882     
0010001300006U 020000000000000000000000000000000000000000000000000000000000000000000000000000000000000000000000000000000000000000000000002608202500000000            000000000000000                              000                           
0010001300007T 0201897X0000000092096 24778829000008806   7000008806      30092025000000000120068001003190000008806                0900000000000010500000000000000000000000000000000000000   0000000000000000000000519A9A4      170192477882     
0010001300008U 020000000000000000000000000000000000000000000000000000000000000000000000000000000000000000000000000000000000000000000000002608202500000000            000000000000000                              000                           
0010001300009T 0201897X0000000092096 24778829000008807   7000008807      30092025000000000047232001023248000008807                0900000000000010000000000000000000000000000000000000000   0000000000000000000000519A9        170192477882     
0010001300010U 020000000000000000000000000000000000000000000000000000000000000000000000000000000000000000000000000000000000000000000000002608202500000000            000000000000000                              000                           
0010001300011T 0201897X0000000092096 24778829000008808   7000008808      30092025000000000040977001000566000008808                0900000000000010500000000000000000000000000000000000000   0000000000000000000000519A9A4      170192477882     
0010001300012U 020000000000000000000000000000000000000000000000000000000000000000000000000000000000000000000000000000000000000000000000002608202500000000            000000000000000                              000                           
0010001300013T 0201897X0000000092096 24778829000008809   7000008809      2908202500000000015863400101513X000008809                0900000000000010000000000000000000000000000000000000000   0000000000000000000000519A9        170192477882     
0010001300014U 020000000000000000000000000000000000000000000000000000000000000000000000000000000000000000000000000000000000000000000000002608202500000000            000000000000000                              000                           
0010001300015T 0201897X0000000092096 24778829000008810   7000008810      30092025000000000045114001007994000008810                0900000000000010500000000000000000000000000000000000000   0000000000000000000000519A9A4      170192477882     
0010001300016U 020000000000000000000000000000000000000000000000000000000000000000000000000000000000000000000000000000000000000000000000002608202500000000            000000000000000                              000                           
0010001300017T 0201897X0000000092096 24778829000008811   7000008811      30092025000000000045042001007994000008811                0900000000000010500000000000000000000000000000000000000   0000000000000000000000519A9A4      170192477882     
0010001300018U 020000000000000000000000000000000000000000000000000000000000000000000000000000000000000000000000000000000000000000000000002608202500000000            000000000000000                              000                           
0010001300019T 0201897X0000000092096 24778829000008812   7000008812      29082025000000000076155001008117000008812                0900000000000010500000000000000000000000000000000000000   0000000000000000000000519A9A4      170192477882     
0010001300020U 020000000000000000000000000000000000000000000000000000000000000000000000000000000000000000000000000000000000000000000000002608202500000000            000000000000000                              000                           
0010001300021T 0201897X0000000092096 24778829000008813   7000008813      30092025000000000050766001003018000008813                0900000000000010500000000000000000000000000000000000000   0000000000000000000000519A9A4      170192477882     
0010001300022U 020000000000000000000000000000000000000000000000000000000000000000000000000000000000000000000000000000000000000000000000002608202500000000            000000000000000                              000                           
0010001300023T 0201897X0000000092096 24778829000008814   7000008814      30092025000000000073841001003018000008814                0900000000000010500000000000000000000000000000000000000   0000000000000000000000519A9A4      170192477882     
0010001300024U 020000000000000000000000000000000000000000000000000000000000000000000000000000000000000000000000000000000000000000000000002608202500000000            000000000000000                              000                           
0010001300025T 0201897X0000000092096 24778829000008815   7000008815      30092025000000000039381001003018000008815                0900000000000010500000000000000000000000000000000000000   0000000000000000000000519A9A4      170192477882     
0010001300026U 020000000000000000000000000000000000000000000000000000000000000000000000000000000000000000000000000000000000000000000000002608202500000000            000000000000000                              000                           
0010001300027T 0201897X0000000092096 24778829000008816   7000008816      30092025000000000080336001003018000008816                0900000000000010500000000000000000000000000000000000000   0000000000000000000000519A9A4      170192477882     
0010001300028U 020000000000000000000000000000000000000000000000000000000000000000000000000000000000000000000000000000000000000000000000002608202500000000            000000000000000                              000                           
0010001300029T 0201897X0000000092096 24778829000008817   7000008817      30092025000000000049227001003018000008817                0900000000000010500000000000000000000000000000000000000   0000000000000000000000519A9A4      170192477882     
0010001300030U 020000000000000000000000000000000000000000000000000000000000000000000000000000000000000000000000000000000000000000000000002608202500000000            000000000000000                              000                           
0010001300031T 0201897X0000000092096 24778829000008818   7000008818      30092025000000000154597001027669000008818                0900000000000010500000000000000000000000000000000000000   0000000000000000000000519A9A4      170192477882     
0010001300032U 020000000000000000000000000000000000000000000000000000000000000000000000000000000000000000000000000000000000000000000000002608202500000000            000000000000000                              000                           
0010001300033T 0601897X0000000092096 24778822500001755   700000000000175529082025000000000023368748053590000001755                0900000000000010100000000000000000000000000000000000000   000000000000000000000000004        170192477882     
0010001300034U 060000000000000000000000000000000000000000000000000000000000000000000000233680000000000233680000000000000000000000000000002608202527082025            000000000000000                              000                           
0010001300035T 0601897X0000000092096 24778822500001785   700000000000178529082025000000000023031033042040000001785                0900000000000010100000000000000000000000000000000000000   000000000000000000000000004        170192477882     
0010001300036U 060000000000000000000000000000000000000000000000000000000000000000000000230310000000000230310000000000000000000000000000002608202527082025            000000000000000                              000                           
0010001300037T 0601897X0000000092096 24778822500002112   700000000000211229082025000000000023055237001870000002112                0900000000000010100000000000000000000000000000000000000   000000000000000000000000004        170192477882     
0010001300038U 060000000000000000000000000000000000000000000000000000000000000000000000230550000000000230550000000000000000000000000000002608202527082025            000000000000000                              000                           
0010001300039T 0601897X0000000092096 24778822500002212   700000000000221229082025000000000021958341004190000002212                0900000000000010100000000000000000000000000000000000000   000000000000000000000000004        170192477882     
0010001300040U 060000000000000000000000000000000000000000000000000000000000000000000000219580000000000219580000000000000000000000000000002608202527082025            000000000000000                              000                           
0010001300041T 0601897X0000000092096 24778822500002735   700000000000273529082025000000000020494033036440000002735                0900000000000010100000000000000000000000000000000000000   000000000000000000000000004        170192477882     
0010001300042U 060000000000000000000000000000000000000000000000000000000000000000000000204940000000000204940000000000000000000000000000002608202527082025            000000000000000                              000                           
0010001300043T 0601897X0000000092096 24778822500002745   700000000000274529082025000000000020494509000010000002745                0900000000000010100000000000000000000000000000000000000   000000000000000000000000004        170192477882     
0010001300044U 060000000000000000000000000000000000000000000000000000000000000000000000204940000000000204940000000000000000000000000000002608202527082025            000000000000000                              000                           
0010001300045T 0601897X0000000092096 24778822500002780   700000000000278029082025000000000020264237001870000002780                0900000000000010100000000000000000000000000000000000000   000000000000000000000000004        170192477882     
0010001300046U 060000000000000000000000000000000000000000000000000000000000000000000000202640000000000202640000000000000000000000000000002608202527082025            000000000000000                              000                           
0010001300047T 0601897X0000000092096 24778822500004654   700000000000465429082025000000000095671748053590000004654                0900000000000010100000000000000000000000000000000000000   000000000000000000000000004        170192477882     
0010001300048U 060000000000000000000000000000000000000000000000000000000000000000000000956710000000000956710000000000000000000000000000002608202527082025            000000000000000                              000                           
0010001300049T 0601897X0000000092096 24778822500004759   700000000000475929082025000000000086719237002150000004759                0900000000000010100000000000000000000000000000000000000   000000000000000000000000004        170192477882     
0010001300050U 060000000000000000000000000000000000000000000000000000000000000000000000867190000000000867190000000000000000000000000000002608202527082025            000000000000000                              000                           
0010001300051T 0601897X0000000092096 24778822500004878   700000000000487829082025000000000081556033004970000004878                0900000000000010100000000000000000000000000000000000000   000000000000000000000000004        170192477882     
0010001300052U 060000000000000000000000000000000000000000000000000000000000000000000000815560000000000815560000000000000000000000000000002608202527082025            000000000000000                              000                           
0010001300053T 0601897X0000000092096 24778822500005347   700000000000534729082025000000000061063104003150000005347                0900000000000010100000000000000000000000000000000000000   000000000000000000000000004        170192477882     
0010001300054U 060000000000000000000000000000000000000000000000000000000000000000000000610630000000000610630000000000000000000000000000002608202527082025            000000000000000                              000                           
0010001300055T 0601897X0000000092096 24778822500005410   700000000000541029082025000000000058731033001780000005410                0900000000000010100000000000000000000000000000000000000   000000000000000000000000004        170192477882     
0010001300056U 060000000000000000000000000000000000000000000000000000000000000000000000587310000000000587310000000000000000000000000000002608202527082025            000000000000000                              000                           
0010001300057T 0601897X0000000092096 24778822500005480   700000000000548029082025000000000056884341029640000005480                0900000000000010100000000000000000000000000000000000000   000000000000000000000000004        170192477882     
0010001300058U 060000000000000000000000000000000000000000000000000000000000000000000000568840000000000568840000000000000000000000000000002608202527082025            000000000000000                              000                           
0010001300059T 0601897X0000000092096 24778822500005844   700000000000584429082025000000000045311341064580000005844                0900000000000010100000000000000000000000000000000000000   000000000000000000000000004        170192477882     
0010001300060U 060000000000000000000000000000000000000000000000000000000000000000000000453110000000000453110000000000000000000000000000002608202527082025            000000000000000                              000                           
0010001300061T 0601897X0000000092096 24778822500006635   700000000000663529082025000000000033459422000410000006635                0900000000000010100000000000000000000000000000000000000   000000000000000000000000004        170192477882     
0010001300062U 060000000000000000000000000000000000000000000000000000000000000000000000334590000000000334590000000000000000000000000000002608202527082025            000000000000000                              000                           
0010001300063T 0601897X0000000092096 24778822500007433   700000000000743329082025000000000024863104047920000007433                0900000000000010100000000000000000000000000000000000000   000000000000000000000000004        170192477882     
0010001300064U 060000000000000000000000000000000000000000000000000000000000000000000000248630000000000248630000000000000000000000000000002608202527082025            000000000000000                              000                           
0010001300065T 0601897X0000000092096 24778822500007979   700000000000797929082025000000000020550756072790000007979                0900000000000010100000000000000000000000000000000000000   000000000000000000000000004        170192477882     
0010001300066U 060000000000000000000000000000000000000000000000000000000000000000000000205500000000000205500000000000000000000000000000002608202527082025            000000000000000                              000                           
0010001300067T 0601897X0000000092096 24778829000008751   7000008751      29082025000000000025828341005460000008751                0900000000000010100000000000000000000000000000000000000   000000000000000000000000004        170192477882     
0010001300068U 060000000000000000000000000000000000000000000000000000000000000000000000258280000000000258280000000000000000000000000000002608202527082025            000000000000000                              000                           
00100015         000070004546000000013720401320000000000000000000000000000000000000000000000000000000000000000000000000000000000000000000000000000                                                                                              
00199999         000001000072000000                                                                                                                                                            00000000000000000000000000000                    
