00100000         2115139610001160024778820014       01897X0000000092096 FUNDACAO AGENCIA DAS BACIAS HIBANCO DO BRASIL                         22209202502110600623503000000829973081PROCESSAMEN                                                 
00100011T0100020 20115139610001160024778820014       01897X0000000092096 FUNDACAO AGENCIA DAS BACIAS HI                                                                                000000002209202500000000  000000000                      
0010001300001T 0201897X0000000092096 24778829000008922   7000008922      31102025000000003534701001024171000008922                0900000000000010500000000000000000000000000000000000000   0000000000000000000000519A9A4      170192477882     
0010001300002U 020000000000000000000000000000000000000000000000000000000000000000000000000000000000000000000000000000000000000000000000002209202500000000            000000000000000                              000                           
0010001300003T 0201897X0000000092096 24778829000008923   7000008923      31102025000000001437125001000566000008923                0900000000000010000000000000000000000000000000000000000   0000000000000000000000519A9        170192477882     
0010001300004U 020000000000000000000000000000000000000000000000000000000000000000000000000000000000000000000000000000000000000000000000002209202500000000            000000000000000                              000                           
0010001300005T 0201897X0000000092096 24778829000008924   7000008924      3110202500000000132635800101849X000008924                0900000000000010500000000000000000000000000000000000000   0000000000000000000000519A9A4      170192477882     
0010001300006U 020000000000000000000000000000000000000000000000000000000000000000000000000000000000000000000000000000000000000000000000002209202500000000            000000000000000                              000                           
0010001300007T 0201897X0000000092096 24778829000008925   7000008925      31102025000000000984768001069833000008925                0900000000000010000000000000000000000000000000000000000   0000000000000000000000519A9        170192477882     
0010001300008U 020000000000000000000000000000000000000000000000000000000000000000000000000000000000000000000000000000000000000000000000002209202500000000            000000000000000                              000                           
0010001300009T 0201897X0000000092096 24778829000008926   7000008926      3110202500000000039682500101849X000008926                0900000000000010500000000000000000000000000000000000000   0000000000000000000000519A9A4      170192477882     
0010001300010U 020000000000000000000000000000000000000000000000000000000000000000000000000000000000000000000000000000000000000000000000002209202500000000            000000000000000                              000                           
0010001300011T 0201897X0000000092096 24778829000008927   7000008927      3110202500000000017427100100216X000008927                0900000000000010000000000000000000000000000000000000000   0000000000000000000000519A9        170192477882     
0010001300012U 020000000000000000000000000000000000000000000000000000000000000000000000000000000000000000000000000000000000000000000000002209202500000000            000000000000000                              000                           
0010001300013T 0201897X0000000092096 24778829000008928   7000008928      31102025000000003900342001014753000008928                0900000000000010500000000000000000000000000000000000000   0000000000000000000000519A9A4      170192477882     
0010001300014U 020000000000000000000000000000000000000000000000000000000000000000000000000000000000000000000000000000000000000000000000002209202500000000            000000000000000                              000                           
0010001300015T 0201897X0000000092096 24778829000008929   7000008929      31102025000000000499720001001724000008929                0900000000000010500000000000000000000000000000000000000   0000000000000000000000519A9A4      170192477882     
0010001300016U 020000000000000000000000000000000000000000000000000000000000000000000000000000000000000000000000000000000000000000000000002209202500000000            000000000000000                              000                           
0010001300017T 0201897X0000000092096 24778829000008930   7000008930      31102025000000002585440001003018000008930                0900000000000010500000000000000000000000000000000000000   0000000000000000000000519A9A4      170192477882     
0010001300018U 020000000000000000000000000000000000000000000000000000000000000000000000000000000000000000000000000000000000000000000000002209202500000000            000000000000000                              000                           
0010001300019T 0201897X0000000092096 24778829000008931   7000008931      31102025000000000213412001009946000008931                0900000000000010000000000000000000000000000000000000000   0000000000000000000000519A9        170192477882     
0010001300020U 020000000000000000000000000000000000000000000000000000000000000000000000000000000000000000000000000000000000000000000000002209202500000000            000000000000000                              000                           
0010001300021T 0201897X0000000092096 24778829000008932   7000008932      31102025000000001100693001014753000008932                0900000000000010500000000000000000000000000000000000000   0000000000000000000000519A9A4      170192477882     
0010001300022U 020000000000000000000000000000000000000000000000000000000000000000000000000000000000000000000000000000000000000000000000002209202500000000            000000000000000                              000                           
0010001300023T 0201897X0000000092096 24778829000008933   7000008933      31102025000000000639712001009210000008933                0900000000000010500000000000000000000000000000000000000   0000000000000000000000519A9A4      170192477882     
0010001300024U 020000000000000000000000000000000000000000000000000000000000000000000000000000000000000000000000000000000000000000000000002209202500000000            000000000000000                              000                           
0010001300025T 0201897X0000000092096 24778829000008934   7000008934      31102025000000000543730001026565000008934                0900000000000010500000000000000000000000000000000000000   0000000000000000000000519A9A4      170192477882     
0010001300026U 020000000000000000000000000000000000000000000000000000000000000000000000000000000000000000000000000000000000000000000000002209202500000000            000000000000000                              000                           
0010001300027T 0201897X0000000092096 24778829000008935   7000008935      31102025000000002788975001069833000008935                0900000000000010000000000000000000000000000000000000000   0000000000000000000000519A9        170192477882     
0010001300028U 020000000000000000000000000000000000000000000000000000000000000000000000000000000000000000000000000000000000000000000000002209202500000000            000000000000000                              000                           
0010001300029T 0201897X0000000092096 24778829000008936   7000008936      31102025000000000474794001069833000008936                0900000000000010000000000000000000000000000000000000000   0000000000000000000000519A9        170192477882     
0010001300030U 020000000000000000000000000000000000000000000000000000000000000000000000000000000000000000000000000000000000000000000000002209202500000000            000000000000000                              000                           
0010001300031T 0601897X0000000092096 24778822500002736   700000000000273630092025000000000020494033036440000002736                0900000000000010100000000000000000000000000000000000000   000000000000000000000000004        170192477882     
0010001300032U 060000000000000000000000000000000000000000000000000000000000000000000000204940000000000204940000000000000000000000000000002209202523092025            000000000000000                              000                           
0010001300033T 0601897X0000000092096 24778822500003040   700000000000304030092025000000000021567033002850000003040                0900000000000010100000000000000000000000000000000000000   000000000000000000000000004        170192477882     
0010001300034U 060000000000000000000000000000000000000000000000000000000000000000000000215670000000000215670000000000000000000000000000002209202523092025            000000000000000                              000                           
0010001300035T 0601897X0000000092096 24778822500003311   700000000000331130092025000000007759013104030800000003311                0900000000000010100000000000000000000000000000000000000   000000000000000000000000004        170192477882     
0010001300036U 060000000000000000000000000000000000000000000000000000000000000000000077590130000000077590130000000000000000000000000000002209202523092025            000000000000000                              000                           
0010001300037T 0601897X0000000092096 24778822500003493   700000000000349330092025000000001161675104030800000003493                0900000000000010100000000000000000000000000000000000000   000000000000000000000000004        170192477882     
0010001300038U 060000000000000000000000000000000000000000000000000000000000000000000011616750000000011616750000000000000000000000000000002209202523092025            000000000000000                              000                           
0010001300039T 0601897X0000000092096 24778822500004277   700000000000427730092025000000000142201341001690000004277                0900000000000010100000000000000000000000000000000000000   000000000000000000000000004        170192477882     
0010001300040U 060000000000000000000000000000000000000000000000000000000000000000000001422010000000001422010000000000000000000000000000002209202523092025            000000000000000                              000                           
0010001300041T 0601897X0000000092096 24778822500004557   700000000000455730092025000000000104559341001690000004557                0900000000000010100000000000000000000000000000000000000   000000000000000000000000004        170192477882     
0010001300042U 060000000000000000000000000000000000000000000000000000000000000000000001045590000000001045590000000000000000000000000000002209202523092025            000000000000000                              000                           
0010001300043T 0601897X0000000092096 24778822500006622   700000000000662230092025000000000033459756081450000006622                0900000000000010100000000000000000000000000000000000000   000000000000000000000000004        170192477882     
0010001300044U 060000000000000000000000000000000000000000000000000000000000000000000000334590000000000334590000000000000000000000000000002209202523092025            000000000000000                              000                           
0010001300045T 0601897X0000000092096 24778822500007469   700000000000746930092025000000000024467341000920000007469                0900000000000010100000000000000000000000000000000000000   000000000000000000000000004        170192477882     
0010001300046U 060000000000000000000000000000000000000000000000000000000000000000000000244670000000000244670000000000000000000000000000002209202523092025            000000000000000                              000                           
0010001300047T 0601897X0000000092096 24778822500007853   700000000000785329082025000000000020912001065072000007853                0900000000000010060000000000000000000000000000000000000   000000000000000000000000033        170192477882     
0010001300048U 060000000000005850000000000000000000000000000000000000000000000000000000214970000000000214970000000000000000000000000000002209202523092025            000000000000000                              000                           
0010001300049T 0601897X0000000092096 24778829000008822   7000008822      30092025000000000218941341009100000008822                0900000000000010100000000000000000000000000000000000000   000000000000000000000000004        170192477882     
0010001300050U 060000000000000000000000000000000000000000000000000000000000000000000002189410000000002189410000000000000000000000000000002209202523092025            000000000000000                              000                           
0010001300051T 0601897X0000000092096 24778829000008921   7000008921      30092025000000000064890001031437000008921                0900000000000010060000000000000000000000000000000000000   000000000000000000000000033        170192477882     
0010001300052U 060000000000000000000000000000000000000000000000000000000000000000000000648900000000000648900000000000000000000000000000002209202523092025            000000000000000                              000                           
00100015         000054003447000000010914603430000000000000000000000000000000000000000000000000000000000000000000000000000000000000000000000000000                                                                                              
00199999         000001000056000000                                                                                                                                                            00000000000000000000000000000                    
