00100000         2115139610001160024778820014       01897X0000000092096 FUNDACAO AGENCIA DAS BACIAS HIBANCO DO BRASIL                         22804202502115500603303000000829973081PROCESSAMEN                                                 
00100011T0100020 20115139610001160024778820014       01897X0000000092096 FUNDACAO AGENCIA DAS BACIAS HI                                                                                000000002804202500000000  000000000                      
0010001300001T 1401897X0000000092096 24778829000008563   7000008563      19122025000000000098206001003190000008563                0900000000000000000000000000000000000000000000000000000   000000000000000000000000000        170192477882     
0010001300002U 140000000000000000000000000000000000000000000000000000000000000000000000000000000000000000000000000000000000000000000000002804202500000000            000000000000000                              000                           
00100015         000004000068000000000456892510000000000000000000000000000000000000000000000000000000000000000000000000000000000000000000000000000                                                                                              
00199999         000001000006000000                                                                                                                                                            00000000000000000000000000000                    
