00100000         2115139610001160024778820014       01897X0000000092096 FUNDACAO AGENCIA DAS BACIAS HIBANCO DO BRASIL                         21107202502020100613303000000829973081PROCESSAMEN                                                 
00100011T0100020 20115139610001160024778820014       01897X0000000092096 FUNDACAO AGENCIA DAS BACIAS HI                                                                                000000001107202500000000  000000000                      
0010001300001T 0601897X0000000092096 24778822500000020   70000000000000201107202500000000067336300103360X000000020                0900000000000010090000000000000000000000000000000000000   000000000000000000000000006        170192477882     
0010001300002U 060000000000000000000000000000000000000000000000000000000000000000000006733630000000006733630000000000000000000000000000001107202514072025            000000000000000                              000                           
0010001300003T 0601897X0000000092096 24778822500000028   700000000000002811072025000000000461154033036890000000028                0900000000000010100000000000000000000000000000000000000   000000000000000000000000004        170192477882     
0010001300004U 060000000000000000000000000000000000000000000000000000000000000000000004611540000000004611540000000000000000000000000000001107202514072025            000000000000000                              000                           
0010001300005T 0601897X0000000092096 24778822500000036   700000000000003611072025000000000370595341000090000000036                0900000000000010100000000000000000000000000000000000000   000000000000000000000000004        170192477882     
0010001300006U 060000000000000000000000000000000000000000000000000000000000000000000003705950000000003705950000000000000000000000000000001107202514072025            000000000000000                              000                           
0010001300007T 0601897X0000000092096 24778822500000076   700000000000007611072025000000000193062274000010000000076                0900000000000010100000000000000000000000000000000000000   000000000000000000000000004        170192477882     
0010001300008U 060000000000000000000000000000000000000000000000000000000000000000000001930620000000001930620000000000000000000000000000001107202514072025            000000000000000                              000                           
0010001300009T 0601897X0000000092096 24778822500000081   700000000000008111072025000000000183948341002790000000081                0900000000000010100000000000000000000000000000000000000   000000000000000000000000004        170192477882     
0010001300010U 060000000000000000000000000000000000000000000000000000000000000000000001839480000000001839480000000000000000000000000000001107202514072025            000000000000000                              000                           
0010001300011T 0601897X0000000092096 24778822500000114   700000000000011411072025000000000130452341009120000000114                0900000000000010100000000000000000000000000000000000000   000000000000000000000000004        170192477882     
0010001300012U 060000000000000000000000000000000000000000000000000000000000000000000001304520000000001304520000000000000000000000000000001107202514072025            000000000000000                              000                           
0010001300013T 0601897X0000000092096 24778822500000139   700000000000013911072025000000000104077237023740000000139                0900000000000010100000000000000000000000000000000000000   000000000000000000000000004        170192477882     
0010001300014U 060000000000000000000000000000000000000000000000000000000000000000000001040770000000001040770000000000000000000000000000001107202514072025            000000000000000                              000                           
0010001300015T 0601897X0000000092096 24778822500000210   700000000000021011072025000000000059551341022610000000210                0900000000000010100000000000000000000000000000000000000   000000000000000000000000004        170192477882     
0010001300016U 060000000000000000000000000000000000000000000000000000000000000000000000595510000000000595510000000000000000000000000000001107202514072025            000000000000000                              000                           
0010001300017T 0601897X0000000092096 24778822500000240   70000000000002401107202500000000005005100101897X000000240                0900000000000010090000000000000000000000000000000000000   000000000000000000000000006        170192477882     
0010001300018U 060000000000000000000000000000000000000000000000000000000000000000000000500510000000000500510000000000000000000000000000001107202514072025            000000000000000                              000                           
0010001300019T 0601897X0000000092096 24778822500000360   700000000000036011072025000000000035504341002770000000360                0900000000000010100000000000000000000000000000000000000   000000000000000000000000004        170192477882     
0010001300020U 060000000000000000000000000000000000000000000000000000000000000000000000355040000000000355040000000000000000000000000000001107202514072025            000000000000000                              000                           
0010001300021T 0601897X0000000092096 24778822500000382   700000000000038211072025000000000034651341000780000000382                0900000000000010100000000000000000000000000000000000000   000000000000000000000000004        170192477882     
0010001300022U 060000000000000000000000000000000000000000000000000000000000000000000000346510000000000346510000000000000000000000000000001107202514072025            000000000000000                              000                           
0010001300023T 0601897X0000000092096 24778822500000411   700000000000041104072025000000000032693033003340000000411                0900000000000010100000000000000000000000000000000000000   000000000000000000000000004        170192477882     
0010001300024U 060000000000007290000000000000000000000000000000000000000000000000000000334220000000000334220000000000000000000000000000001107202514072025            000000000000000                              000                           
0010001300025T 0601897X0000000092096 24778822500000416   700000000000041611072025000000000032458341000500000000416                0900000000000010100000000000000000000000000000000000000   000000000000000000000000004        170192477882     
0010001300026U 060000000000000000000000000000000000000000000000000000000000000000000000324580000000000324580000000000000000000000000000001107202514072025            000000000000000                              000                           
0010001300027T 0601897X0000000092096 24778822500000421   700000000000042111072025000000000032205341013700000000421                0900000000000010100000000000000000000000000000000000000   000000000000000000000000004        170192477882     
0010001300028U 060000000000000000000000000000000000000000000000000000000000000000000000322050000000000322050000000000000000000000000000001107202514072025            000000000000000                              000                           
0010001300029T 0601897X0000000092096 24778822500000583   700000000000058311072025000000000026469341007960000000583                0900000000000010100000000000000000000000000000000000000   000000000000000000000000004        170192477882     
0010001300030U 060000000000000000000000000000000000000000000000000000000000000000000000264690000000000264690000000000000000000000000000001107202514072025            000000000000000                              000                           
0010001300031T 0601897X0000000092096 24778822500000594   700000000000059411072025000000000026349237025610000000594                0900000000000010100000000000000000000000000000000000000   000000000000000000000000004        170192477882     
0010001300032U 060000000000000000000000000000000000000000000000000000000000000000000000263490000000000263490000000000000000000000000000001107202514072025            000000000000000                              000                           
0010001300033T 0601897X0000000092096 24778822500000625   700000000000062511072025000000000025448341000090000000625                0900000000000010100000000000000000000000000000000000000   000000000000000000000000004        170192477882     
0010001300034U 060000000000000000000000000000000000000000000000000000000000000000000000254480000000000254480000000000000000000000000000001107202514072025            000000000000000                              000                           
0010001300035T 0601897X0000000092096 24778822500000704   700000000000070411072025000000000023322237033710000000704                0900000000000010100000000000000000000000000000000000000   000000000000000000000000004        170192477882     
0010001300036U 060000000000000000000000000000000000000000000000000000000000000000000000233220000000000233220000000000000000000000000000001107202514072025            000000000000000                              000                           
0010001300037T 0601897X0000000092096 24778822500000767   700000000000076711072025000000000021551341027310000000767                0900000000000010100000000000000000000000000000000000000   000000000000000000000000004        170192477882     
0010001300038U 060000000000000000000000000000000000000000000000000000000000000000000000215510000000000215510000000000000000000000000000001107202514072025            000000000000000                              000                           
0010001300039T 0601897X0000000092096 24778822500000834   700000000000083411072025000000000018965237033710000000834                0900000000000010100000000000000000000000000000000000000   000000000000000000000000004        170192477882     
0010001300040U 060000000000000000000000000000000000000000000000000000000000000000000000189650000000000189650000000000000000000000000000001107202514072025            000000000000000                              000                           
0010001300041T 0601897X0000000092096 24778822500000962   700000000000096211072025000000000012971237033680000000962                0900000000000010100000000000000000000000000000000000000   000000000000000000000000004        170192477882     
0010001300042U 060000000000000000000000000000000000000000000000000000000000000000000000129710000000000129710000000000000000000000000000001107202514072025            000000000000000                              000                           
0010001300043T 0601897X0000000092096 24778822500001009   700000000000100911072025000000000007148341042780000001009                0900000000000010100000000000000000000000000000000000000   000000000000000000000000004        170192477882     
0010001300044U 060000000000000000000000000000000000000000000000000000000000000000000000071480000000000071480000000000000000000000000000001107202514072025            000000000000000                              000                           
0010001300045T 0601897X0000000092096 24778822500001089   700000000000108911072025000000000029244422001350000001089                0900000000000010100000000000000000000000000000000000000   000000000000000000000000004        170192477882     
0010001300046U 060000000000000000000000000000000000000000000000000000000000000000000000292440000000000292440000000000000000000000000000001107202514072025            000000000000000                              000                           
0010001300047T 0601897X0000000092096 24778822500001193   700000000000119311072025000000000025966341000410000001193                0900000000000010100000000000000000000000000000000000000   000000000000000000000000004        170192477882     
0010001300048U 060000000000000000000000000000000000000000000000000000000000000000000000259660000000000259660000000000000000000000000000001107202514072025            000000000000000                              000                           
0010001300049T 0601897X0000000092096 24778822500001228   700000000000122831072025000000000025227341002770000001228                0900000000000010100000000000000000000000000000000000000   000000000000000000000000004        170192477882     
0010001300050U 060000000000000000000000000000000000000000000000000000000000000000000000252270000000000252270000000000000000000000000000001107202514072025            000000000000000                              000                           
0010001300051T 0601897X0000000092096 24778822500001269   700000000000126911072025000000000024153104002850000001269                0900000000000010100000000000000000000000000000000000000   000000000000000000000000004        170192477882     
0010001300052U 060000000000000000000000000000000000000000000000000000000000000000000000241530000000000241530000000000000000000000000000001107202514072025            000000000000000                              000                           
0010001300053T 0601897X0000000092096 24778822500001521   700000000000152111072025000000000020127341000570000001521                0900000000000010100000000000000000000000000000000000000   000000000000000000000000004        170192477882     
0010001300054U 060000000000000000000000000000000000000000000000000000000000000000000000201270000000000201270000000000000000000000000000001107202514072025            000000000000000                              000                           
0010001300055T 0601897X0000000092096 24778822500001540   700000000000154011072025000000000026181341001360000001540                0900000000000010100000000000000000000000000000000000000   000000000000000000000000004        170192477882     
0010001300056U 060000000000000000000000000000000000000000000000000000000000000000000000261810000000000261810000000000000000000000000000001107202514072025            000000000000000                              000                           
0010001300057T 0601897X0000000092096 24778822500001828   700000000000182811072025000000000022235341000190000001828                0900000000000010100000000000000000000000000000000000000   000000000000000000000000004        170192477882     
0010001300058U 060000000000000000000000000000000000000000000000000000000000000000000000222350000000000222350000000000000000000000000000001107202514072025            000000000000000                              000                           
0010001300059T 0601897X0000000092096 24778822500001829   700000000000182931072025000000000022234341000190000001829                0900000000000010100000000000000000000000000000000000000   000000000000000000000000004        170192477882     
0010001300060U 060000000000000000000000000000000000000000000000000000000000000000000000222340000000000222340000000000000000000000000000001107202514072025            000000000000000                              000                           
0010001300061T 0601897X0000000092096 24778822500001830   700000000000183029082025000000000022234341000190000001830                0900000000000010100000000000000000000000000000000000000   000000000000000000000000004        170192477882     
0010001300062U 060000000000000000000000000000000000000000000000000000000000000000000000222340000000000222340000000000000000000000000000001107202514072025            000000000000000                              000                           
0010001300063T 0601897X0000000092096 24778822500002102   700000000000210211072025000000000023056341078830000002102                0900000000000010100000000000000000000000000000000000000   000000000000000000000000004        170192477882     
0010001300064U 060000000000000000000000000000000000000000000000000000000000000000000000230560000000000230560000000000000000000000000000001107202514072025            000000000000000                              000                           
0010001300065T 0601897X0000000092096 24778822500002114   700000000000211411072025000000000022975001051152000002114                0900000000000010090000000000000000000000000000000000000   000000000000000000000000006        170192477882     
0010001300066U 060000000000000000000000000000000000000000000000000000000000000000000000229750000000000229750000000000000000000000000000001107202514072025            000000000000000                              000                           
0010001300067T 0601897X0000000092096 24778822500002358   700000000000235811072025000000000020934341000190000002358                0900000000000010100000000000000000000000000000000000000   000000000000000000000000004        170192477882     
0010001300068U 060000000000000000000000000000000000000000000000000000000000000000000000209340000000000209340000000000000000000000000000001107202514072025            000000000000000                              000                           
0010001300069T 0601897X0000000092096 24778822500002419   700000000000241931072025000000000020173033002850000002419                0900000000000010100000000000000000000000000000000000000   000000000000000000000000004        170192477882     
0010001300070U 060000000000000000000000000000000000000000000000000000000000000000000000201730000000000201730000000000000000000000000000001107202514072025            000000000000000                              000                           
0010001300071T 0601897X0000000092096 24778822500002568   700000000000256811072025000000000022444033045020000002568                0900000000000010100000000000000000000000000000000000000   000000000000000000000000004        170192477882     
0010001300072U 060000000000000000000000000000000000000000000000000000000000000000000000224440000000000224440000000000000000000000000000001107202514072025            000000000000000                              000                           
0010001300073T 0601897X0000000092096 24778822500002603   700000000000260311072025000000000022013033036890000002603                0900000000000010100000000000000000000000000000000000000   000000000000000000000000004        170192477882     
0010001300074U 060000000000000000000000000000000000000000000000000000000000000000000000220130000000000220130000000000000000000000000000001107202514072025            000000000000000                              000                           
0010001300075T 0601897X0000000092096 24778822500002929   700000000000292911072025000000000022123237004940000002929                0900000000000010100000000000000000000000000000000000000   000000000000000000000000004        170192477882     
0010001300076U 060000000000000000000000000000000000000000000000000000000000000000000000221230000000000221230000000000000000000000000000001107202514072025            000000000000000                              000                           
0010001300077T 0601897X0000000092096 24778822500003001   700000000000300111072025000000000021921341069220000003001                0900000000000010100000000000000000000000000000000000000   000000000000000000000000004        170192477882     
0010001300078U 060000000000000000000000000000000000000000000000000000000000000000000000219210000000000219210000000000000000000000000000001107202514072025            000000000000000                              000                           
0010001300079T 0601897X0000000092096 24778822500003025   700000000000302530062025000000000021745237023880000003025                0900000000000010100000000000000000000000000000000000000   000000000000000000000000004        170192477882     
0010001300080U 060000000000005130000000000000000000000000000000000000000000000000000000222580000000000222580000000000000000000000000000001107202514072025            000000000000000                              000                           
0010001300081T 0601897X0000000092096 24778822500003026   700000000000302631072025000000000021747237023880000003026                0900000000000010100000000000000000000000000000000000000   000000000000000000000000004        170192477882     
0010001300082U 060000000000000000000000000000000000000000000000000000000000000000000000217470000000000217470000000000000000000000000000001107202514072025            000000000000000                              000                           
0010001300083T 0601897X0000000092096 24778822500003097   700000000000309711072025000000000021151341000500000003097                0900000000000010100000000000000000000000000000000000000   000000000000000000000000004        170192477882     
0010001300084U 060000000000000000000000000000000000000000000000000000000000000000000000211510000000000211510000000000000000000000000000001107202514072025            000000000000000                              000                           
0010001300085T 0601897X0000000092096 24778822500003392   700000000000339230062025000000002519362001041467000003392                0900000000000010040000000000000000000000000000000000000   000000000000000000000000034        170192477882     
0010001300086U 060000000000596150000000000000000000000000000000000000000000000000000025789770000000025789770000000000000000000000000000001107202514072025            000000000000000                              000                           
0010001300087T 0601897X0000000092096 24778822500003477   700000000000347731072025000000001293176033002850000003477                0900000000000010100000000000000000000000000000000000000   000000000000000000000000004        170192477882     
0010001300088U 060000000000000000000000000000000000000000000000000000000000000000000012931760000000012931760000000000000000000000000000001107202514072025            000000000000000                              000                           
0010001300089T 0601897X0000000092096 24778822500003512   700000000000351231072025000000000954923033002850000003512                0900000000000010100000000000000000000000000000000000000   000000000000000000000000004        170192477882     
0010001300090U 060000000000000000000000000000000000000000000000000000000000000000000009549230000000009549230000000000000000000000000000001107202514072025            000000000000000                              000                           
0010001300091T 0601897X0000000092096 24778822500003610   700000000000361031072025000000000627070033002850000003610                0900000000000010100000000000000000000000000000000000000   000000000000000000000000004        170192477882     
0010001300092U 060000000000000000000000000000000000000000000000000000000000000000000006270700000000006270700000000000000000000000000000001107202514072025            000000000000000                              000                           
0010001300093T 0601897X0000000092096 24778822500004071   700000000000407111072025000000000193263237003280000004071                0900000000000010100000000000000000000000000000000000000   000000000000000000000000004        170192477882     
0010001300094U 060000000000000000000000000000000000000000000000000000000000000000000001932630000000001932630000000000000000000000000000001107202514072025            000000000000000                              000                           
0010001300095T 0601897X0000000092096 24778822500004309   700000000000430911072025000000000138368341003100000004309                0900000000000010100000000000000000000000000000000000000   000000000000000000000000004        170192477882     
0010001300096U 060000000000000000000000000000000000000000000000000000000000000000000001383680000000001383680000000000000000000000000000001107202514072025            000000000000000                              000                           
0010001300097T 0601897X0000000092096 24778822500004386   700000000000438611072025000000000124775341000140000004386                0900000000000010100000000000000000000000000000000000000   000000000000000000000000004        170192477882     
0010001300098U 060000000000000000000000000000000000000000000000000000000000000000000001247750000000001247750000000000000000000000000000001107202514072025            000000000000000                              000                           
0010001300099T 0601897X0000000092096 24778822500004456   700000000000445611072025000000000114548001030813000004456                0900000000000010090000000000000000000000000000000000000   000000000000000000000000006        170192477882     
0010001300100U 060000000000000000000000000000000000000000000000000000000000000000000001145480000000001145480000000000000000000000000000001107202514072025            000000000000000                              000                           
0010001300101T 0601897X0000000092096 24778822500004512   700000000000451211072025000000000108741341073720000004512                0900000000000010100000000000000000000000000000000000000   000000000000000000000000004        170192477882     
0010001300102U 060000000000000000000000000000000000000000000000000000000000000000000001087410000000001087410000000000000000000000000000001107202514072025            000000000000000                              000                           
0010001300103T 0601897X0000000092096 24778822500004631   700000000000463111072025000000000096614001034002000004631                0900000000000010040000000000000000000000000000000000000   000000000000000000000000034        170192477882     
0010001300104U 060000000000000000000000000000000000000000000000000000000000000000000000966140000000000966140000000000000000000000000000001107202514072025            000000000000000                              000                           
0010001300105T 0601897X0000000092096 24778822500004694   700000000000469411072025000000000092670341086800000004694                0900000000000010100000000000000000000000000000000000000   000000000000000000000000004        170192477882     
0010001300106U 060000000000000000000000000000000000000000000000000000000000000000000000926700000000000926700000000000000000000000000000001107202514072025            000000000000000                              000                           
0010001300107T 0601897X0000000092096 24778822500005016   700000000000501611072025000000000073942001031496000005016                0900000000000010040000000000000000000000000000000000000   000000000000000000000000034        170192477882     
0010001300108U 060000000000000000000000000000000000000000000000000000000000000000000000739420000000000739420000000000000000000000000000001107202514072025            000000000000000                              000                           
0010001300109T 0601897X0000000092096 24778822500005030   700000000000503011072025000000000073337341078830000005030                0900000000000010100000000000000000000000000000000000000   000000000000000000000000004        170192477882     
0010001300110U 060000000000000000000000000000000000000000000000000000000000000000000000733370000000000733370000000000000000000000000000001107202514072025            000000000000000                              000                           
0010001300111T 0601897X0000000092096 24778822500005268   700000000000526811072025000000000062734237009270000005268                0900000000000010100000000000000000000000000000000000000   000000000000000000000000004        170192477882     
0010001300112U 060000000000000000000000000000000000000000000000000000000000000000000000627340000000000627340000000000000000000000000000001107202514072025            000000000000000                              000                           
0010001300113T 0601897X0000000092096 24778822500005331   700000000000533111072025000000000061196341007340000005331                0900000000000010100000000000000000000000000000000000000   000000000000000000000000004        170192477882     
0010001300114U 060000000000000000000000000000000000000000000000000000000000000000000000611960000000000611960000000000000000000000000000001107202514072025            000000000000000                              000                           
0010001300115T 0601897X0000000092096 24778822500005373   700000000000537311072025000000000060132341053960000005373                0900000000000010100000000000000000000000000000000000000   000000000000000000000000004        170192477882     
0010001300116U 060000000000000000000000000000000000000000000000000000000000000000000000601320000000000601320000000000000000000000000000001107202514072025            000000000000000                              000                           
0010001300117T 0601897X0000000092096 24778822500005387   700000000000538711072025000000000059291033045160000005387                0900000000000010100000000000000000000000000000000000000   000000000000000000000000004        170192477882     
0010001300118U 060000000000000000000000000000000000000000000000000000000000000000000000592910000000000592910000000000000000000000000000001107202514072025            000000000000000                              000                           
0010001300119T 0601897X0000000092096 24778822500005611   700000000000561111072025000000000051993033044140000005611                0900000000000010100000000000000000000000000000000000000   000000000000000000000000004        170192477882     
0010001300120U 060000000000000000000000000000000000000000000000000000000000000000000000519930000000000519930000000000000000000000000000001107202514072025            000000000000000                              000                           
0010001300121T 0601897X0000000092096 24778822500005765   700000000000576511072025000000000048100104002790000005765                0900000000000010100000000000000000000000000000000000000   000000000000000000000000004        170192477882     
0010001300122U 060000000000000000000000000000000000000000000000000000000000000000000000481000000000000481000000000000000000000000000000001107202514072025            000000000000000                              000                           
0010001300123T 0601897X0000000092096 24778822500005814   700000000000581411072025000000000046333341055890000005814                0900000000000010100000000000000000000000000000000000000   000000000000000000000000004        170192477882     
0010001300124U 060000000000000000000000000000000000000000000000000000000000000000000000463330000000000463330000000000000000000000000000001107202514072025            000000000000000                              000                           
0010001300125T 0601897X0000000092096 24778822500005836   700000000000583631072025000000000045739748053260000005836                0900000000000010100000000000000000000000000000000000000   000000000000000000000000004        170192477882     
0010001300126U 060000000000000000000000000000000000000000000000000000000000000000000000457390000000000457390000000000000000000000000000001107202514072025            000000000000000                              000                           
0010001300127T 0601897X0000000092096 24778822500005837   700000000000583729082025000000000045739748053260000005837                0900000000000010100000000000000000000000000000000000000   000000000000000000000000004        170192477882     
0010001300128U 060000000000000000000000000000000000000000000000000000000000000000000000457390000000000457390000000000000000000000000000001107202514072025            000000000000000                              000                           
0010001300129T 0601897X0000000092096 24778822500005838   700000000000583830092025000000000045739748053260000005838                0900000000000010100000000000000000000000000000000000000   000000000000000000000000004        170192477882     
0010001300130U 060000000000000000000000000000000000000000000000000000000000000000000000457390000000000457390000000000000000000000000000001107202514072025            000000000000000                              000                           
0010001300131T 0601897X0000000092096 24778822500005839   700000000000583931102025000000000045739748053260000005839                0900000000000010100000000000000000000000000000000000000   000000000000000000000000004        170192477882     
0010001300132U 060000000000000000000000000000000000000000000000000000000000000000000000457390000000000457390000000000000000000000000000001107202514072025            000000000000000                              000                           
0010001300133T 0601897X0000000092096 24778822500005840   700000000000584028112025000000000045739748053260000005840                0900000000000010100000000000000000000000000000000000000   000000000000000000000000004        170192477882     
0010001300134U 060000000000000000000000000000000000000000000000000000000000000000000000457390000000000457390000000000000000000000000000001107202514072025            000000000000000                              000                           
0010001300135T 0601897X0000000092096 24778822500005841   700000000000584119122025000000000045739748053260000005841                0900000000000010100000000000000000000000000000000000000   000000000000000000000000004        170192477882     
0010001300136U 060000000000000000000000000000000000000000000000000000000000000000000000457390000000000457390000000000000000000000000000001107202514072025            000000000000000                              000                           
0010001300137T 0601897X0000000092096 24778822500005898   700000000000589811072025000000000043914001031496000005898                0900000000000010040000000000000000000000000000000000000   000000000000000000000000034        170192477882     
0010001300138U 060000000000000000000000000000000000000000000000000000000000000000000000439140000000000439140000000000000000000000000000001107202514072025            000000000000000                              000                           
0010001300139T 0601897X0000000092096 24778822500006066   700000000000606611072025000000000041695341032180000006066                0900000000000010100000000000000000000000000000000000000   000000000000000000000000004        170192477882     
0010001300140U 060000000000000000000000000000000000000000000000000000000000000000000000416950000000000416950000000000000000000000000000001107202514072025            000000000000000                              000                           
0010001300141T 0601897X0000000092096 24778822500006822   700000000000682211072025000000000031641341005600000006822                0900000000000010100000000000000000000000000000000000000   000000000000000000000000004        170192477882     
0010001300142U 060000000000000000000000000000000000000000000000000000000000000000000000316410000000000316410000000000000000000000000000001107202514072025            000000000000000                              000                           
0010001300143T 0601897X0000000092096 24778822500007018   700000000000701811072025000000000029672001018937000007018                0900000000000010040000000000000000000000000000000000000   000000000000000000000000034        170192477882     
0010001300144U 060000000000000000000000000000000000000000000000000000000000000000000000296720000000000296720000000000000000000000000000001107202514072025            000000000000000                              000                           
0010001300145T 0601897X0000000092096 24778822500007263   700000000000726311072025000000000026349033000900000007263                0900000000000010100000000000000000000000000000000000000   000000000000000000000000004        170192477882     
0010001300146U 060000000000000000000000000000000000000000000000000000000000000000000000263490000000000263490000000000000000000000000000001107202514072025            000000000000000                              000                           
0010001300147T 0601897X0000000092096 24778822500007264   700000000000726431072025000000000026349033000900000007264                0900000000000010100000000000000000000000000000000000000   000000000000000000000000004        170192477882     
0010001300148U 060000000000000000000000000000000000000000000000000000000000000000000000263490000000000263490000000000000000000000000000001107202514072025            000000000000000                              000                           
0010001300149T 0601897X0000000092096 24778822500007445   700000000000744511072025000000000024684748052890000007445                0900000000000010100000000000000000000000000000000000000   000000000000000000000000004        170192477882     
0010001300150U 060000000000000000000000000000000000000000000000000000000000000000000000246840000000000246840000000000000000000000000000001107202514072025            000000000000000                              000                           
0010001300151T 0601897X0000000092096 24778822500007788   700000000000778811072025000000000021278341000500000007788                0900000000000010100000000000000000000000000000000000000   000000000000000000000000004        170192477882     
0010001300152U 060000000000000000000000000000000000000000000000000000000000000000000000212780000000000212780000000000000000000000000000001107202514072025            000000000000000                              000                           
0010001300153T 0601897X0000000092096 24778829000008431   7000008431      30062025000000001970464001041467000008431                0900000000000010040000000000000000000000000000000000000   000000000000000000000000034        170192477882     
0010001300154U 060000000000466260000000000000000000000000000000000000000000000000000020170900000000020170900000000000000000000000000000001107202514072025            000000000000000                              000                           
0010001300155T 0601897X0000000092096 24778829000008647   7000008647      11072025000000002006343341009120000008647                0900000000000010100000000000000000000000000000000000000   000000000000000000000000004        170192477882     
0010001300156U 060000000000000000000000000000000000000000000000000000000000000000000020063430000000020063430000000000000000000000000000001107202514072025            000000000000000                              000                           
0010001300157T 0601897X0000000092096 24778829000008648   7000008648      11072025000000001912430341009120000008648                0900000000000010100000000000000000000000000000000000000   000000000000000000000000004        170192477882     
0010001300158U 060000000000000000000000000000000000000000000000000000000000000000000019124300000000019124300000000000000000000000000000001107202514072025            000000000000000                              000                           
0010001300159T 0601897X0000000092096 24778829000008694   7000008694      31072025000000000032986341037500000008694                0900000000000010100000000000000000000000000000000000000   000000000000000000000000004        170192477882     
0010001300160U 060000000000000000000000000000000000000000000000000000000000000000000000329860000000000329860000000000000000000000000000001107202514072025            000000000000000                              000                           
00100015         000162006490000000017276973460000000000000000000000000000000000000000000000000000000000000000000000000000000000000000000000000000                                                                                              
00199999         000001000164000000                                                                                                                                                            00000000000000000000000000000                    
