00100000         2115139610001160024778820014       01897X0000000092096 FUNDACAO AGENCIA DAS BACIAS HIBANCO DO BRASIL                         20801202502032700590903000000829973081PROCESSAMEN                                                 
00100011T0100020 20115139610001160024778820014       01897X0000000092096 FUNDACAO AGENCIA DAS BACIAS HI                                                                                000000000801202500000000  000000000                      
0010001300001T 0201897X0000000092096 24778829000008483   7000008483      31012025000000000643342001001724000008483                0900000000000010500000000000000000000000000000000000000   0000000000000000000000519A9A4      170192477882     
0010001300002U 020000000000000000000000000000000000000000000000000000000000000000000000000000000000000000000000000000000000000000000000000801202500000000            000000000000000                              000                           
0010001300003T 0601897X0000000092096 24778829000008475   7000008475      22012025000000000055375341009100000008475                0900000000000010100000000000000000000000000000000000000   000000000000000000000000004        170192477882     
0010001300004U 060000000000000000000000000000000000000000000000000000000000000000000000553750000000000553750000000000000000000000000000000801202509012025            000000000000000                              000                           
00100015         000006000266000000001005923910000000000000000000000000000000000000000000000000000000000000000000000000000000000000000000000000000                                                                                              
00199999         000001000008000000                                                                                                                                                            00000000000000000000000000000                    
