00100000         2115139610001160024778820014       01897X0000000092096 FUNDACAO AGENCIA DAS BACIAS HIBANCO DO BRASIL                         21803202502181600598803000000829973081PROCESSAMEN                                                 
00100011T0100020 20115139610001160024778820014       01897X0000000092096 FUNDACAO AGENCIA DAS BACIAS HI                                                                                000000001803202500000000  000000000                      
0010001300001T 0201897X0000000092096 24778829000008510   7000008510      31032025000000001655263001026565000008510                0900000000000010500000000000000000000000000000000000000   0000000000000000000000519A9A4      170192477882     
0010001300002U 020000000000000000000000000000000000000000000000000000000000000000000000000000000000000000000000000000000000000000000000001803202500000000            000000000000000                              000                           
0010001300003T 0901897X0000000092096 24778829000008508   7000008508      31032025000000000831749001026565000008508                0900000000000000000000000000000000000000000000000000000   000000000000000000000039010        170192477882     
0010001300004U 090000000000000000000000000000000000000000000000000000000000000000000000000000000000000000000000000000000000000000000000001803202500000000            000000000000000                              000                           
0010001300005T 0901897X0000000092096 24778829000008509   7000008509      30042025000000000831749001026565000008509                0900000000000000000000000000000000000000000000000000000   000000000000000000000039010        170192477882     
0010001300006U 090000000000000000000000000000000000000000000000000000000000000000000000000000000000000000000000000000000000000000000000001803202500000000            000000000000000                              000                           
00100015         000008000040000000000502876740000000000000000000000000000000000000000000000000000000000000000000000000000000000000000000000000000                                                                                              
00199999         000001000010000000                                                                                                                                                            00000000000000000000000000000                    
