00100000         2115139610001160024778820014       01897X0000000092096 FUNDACAO AGENCIA DAS BACIAS HIBANCO DO BRASIL                         21609202502030800622703000000829973081PROCESSAMEN                                                 
00100011T0100020 20115139610001160024778820014       01897X0000000092096 FUNDACAO AGENCIA DAS BACIAS HI                                                                                000000001609202500000000  000000000                      
0010001300001T 0201897X0000000092096 24778829000008909   7000008909      30092025000000000074523001005789000008909                0900000000000010000000000000000000000000000000000000000   0000000000000000000000519A9        170192477882     
0010001300002U 020000000000000000000000000000000000000000000000000000000000000000000000000000000000000000000000000000000000000000000000001609202500000000            000000000000000                              000                           
0010001300003T 0201897X0000000092096 24778829000008911   7000008911      3009202500000000011999100101849X000008911                0900000000000010000000000000000000000000000000000000000   0000000000000000000000519A9        170192477882     
0010001300004U 020000000000000000000000000000000000000000000000000000000000000000000000000000000000000000000000000000000000000000000000001609202500000000            000000000000000                              000                           
0010001300005T 0601897X0000000092096 24778822500002041   700000000000204130092025000000000023863237005200000002041                0900000000000010100000000000000000000000000000000000000   000000000000000000000000004        170192477882     
0010001300006U 060000000000000000000000000000000000000000000000000000000000000000000000238630000000000238630000000000000000000000000000001609202517092025            000000000000000                              000                           
0010001300007T 0601897X0000000092096 24778822500002149   700000000000214930092025000000000022607756072790000002149                0900000000000010100000000000000000000000000000000000000   000000000000000000000000004        170192477882     
0010001300008U 060000000000000000000000000000000000000000000000000000000000000000000000226070000000000226070000000000000000000000000000001609202517092025            000000000000000                              000                           
0010001300009T 0601897X0000000092096 24778822500002405   700000000000240530092025000000000020494104039660000002405                0900000000000010100000000000000000000000000000000000000   000000000000000000000000004        170192477882     
0010001300010U 060000000000000000000000000000000000000000000000000000000000000000000000204940000000000204940000000000000000000000000000001609202517092025            000000000000000                              000                           
0010001300011T 0601897X0000000092096 24778822500003232   700000000000323230092025000000000020123341004450000003232                0900000000000010100000000000000000000000000000000000000   000000000000000000000000004        170192477882     
0010001300012U 060000000000000000000000000000000000000000000000000000000000000000000000201230000000000201230000000000000000000000000000001609202517092025            000000000000000                              000                           
0010001300013T 0601897X0000000092096 24778822500006573   700000000000657330092025000000000033825341000300000006573                0900000000000010100000000000000000000000000000000000000   000000000000000000000000004        170192477882     
0010001300014U 060000000000000000000000000000000000000000000000000000000000000000000000338250000000000338250000000000000000000000000000001609202517092025            000000000000000                              000                           
0010001300015T 0601897X0000000092096 24778822500007728   700000000000772830092025000000000022058341002800000007728                0900000000000010100000000000000000000000000000000000000   000000000000000000000000004        170192477882     
0010001300016U 060000000000000000000000000000000000000000000000000000000000000000000000220580000000000220580000000000000000000000000000001609202517092025            000000000000000                              000                           
0010001300017T 0601897X0000000092096 24778829000008879   7000008879      16092025000000000020668033001780000008879                0900000000000010100000000000000000000000000000000000000   000000000000000000000000004        170192477882     
0010001300018U 060000000000000000000000000000000000000000000000000000000000000000000000206680000000000206680000000000000000000000000000001609202517092025            000000000000000                              000                           
0010001300019T 0601897X0000000092096 24778829000008900   7000008900      30092025000000000064416341077850000008900                0900000000000010100000000000000000000000000000000000000   000000000000000000000000004        170192477882     
0010001300020U 060000000000000000000000000000000000000000000000000000000000000000000000644160000000000644160000000000000000000000000000001609202517092025            000000000000000                              000                           
0010001300021T 0901897X0000000092096 24778822500002998   70000000000029983009202500000000002194300101849X000002998                0900000000000000000000000000000000000000000000000000000   000000000000000000000039010        170192477882     
0010001300022U 090000000000000000000000000000000000000000000000000000000000000000000000000000000000000000000000000000000000000000000000001609202500000000            000000000000000                              000                           
0010001300023T 0901897X0000000092096 24778822500002999   70000000000029993110202500000000002194300101849X000002999                0900000000000000000000000000000000000000000000000000000   000000000000000000000039010        170192477882     
0010001300024U 090000000000000000000000000000000000000000000000000000000000000000000000000000000000000000000000000000000000000000000000001609202500000000            000000000000000                              000                           
0010001300025T 0901897X0000000092096 24778822500003000   70000000000030002811202500000000002194300101849X000003000                0900000000000000000000000000000000000000000000000000000   000000000000000000000039010        170192477882     
0010001300026U 090000000000000000000000000000000000000000000000000000000000000000000000000000000000000000000000000000000000000000000000001609202500000000            000000000000000                              000                           
00100015         000028003463000000010819848210000000000000000000000000000000000000000000000000000000000000000000000000000000000000000000000000000                                                                                              
00199999         000001000030000000                                                                                                                                                            00000000000000000000000000000                    
