00100000         2115139610001160024778820014       01897X0000000092096 FUNDACAO AGENCIA DAS BACIAS HIBANCO DO BRASIL                         22803202502051700599903000000829973081PROCESSAMEN                                                 
00100011T0100020 20115139610001160024778820014       01897X0000000092096 FUNDACAO AGENCIA DAS BACIAS HI                                                                                000000002803202500000000  000000000                      
0010001300001T 0201897X0000000092096 24778829000008519   7000008519      30042025000000000068818001004154000008519                0900000000000010000000000000000000000000000000000000000   0000000000000000000000519A9        170192477882     
0010001300002U 020000000000000000000000000000000000000000000000000000000000000000000000000000000000000000000000000000000000000000000000002803202500000000            000000000000000                              000                           
0010001300003T 0201897X0000000092096 24778829000008520   7000008520      30042025000000000688176001001678000008520                0900000000000010000000000000000000000000000000000000000   0000000000000000000000519A9        170192477882     
0010001300004U 020000000000000000000000000000000000000000000000000000000000000000000000000000000000000000000000000000000000000000000000002803202500000000            000000000000000                              000                           
0010001300005T 0201897X0000000092096 24778829000008521   7000008521      30042025000000000189498001003409000008521                0900000000000010500000000000000000000000000000000000000   0000000000000000000000519A9A4      170192477882     
0010001300006U 020000000000000000000000000000000000000000000000000000000000000000000000000000000000000000000000000000000000000000000000002803202500000000            000000000000000                              000                           
0010001300007T 0201897X0000000092096 24778829000008522   7000008522      3004202500000000019094600101849X000008522                0900000000000010500000000000000000000000000000000000000   0000000000000000000000519A9A4      170192477882     
0010001300008U 020000000000000000000000000000000000000000000000000000000000000000000000000000000000000000000000000000000000000000000000002803202500000000            000000000000000                              000                           
0010001300009T 0601897X0000000092096 24778829000008517   7000008517      31032025000000000078724341005600000008517                0900000000000010100000000000000000000000000000000000000   000000000000000000000000004        170192477882     
0010001300010U 060000000000000000000000000000000000000000000000000000000000000000000000787240000000000787240000000000000000000000000000002803202531032025            000000000000000                              000                           
0010001300011T 0901897X0000000092096 24778829000008507   7000008507      31032025000000000187622001003409000008507                0900000000000000000000000000000000000000000000000000000   000000000000000000000039010        170192477882     
0010001300012U 090000000000000000000000000000000000000000000000000000000000000000000000000000000000000000000000000000000000000000000000002803202500000000            000000000000000                              000                           
00100015         000014000046000000000541730000000000000000000000000000000000000000000000000000000000000000000000000000000000000000000000000000000                                                                                              
00199999         000001000016000000                                                                                                                                                            00000000000000000000000000000                    
