00100000         2115139610001160024778820014       01897X0000000092096 FUNDACAO AGENCIA DAS BACIAS HIBANCO DO BRASIL                         22708202502035000619903000000829973081PROCESSAMEN                                                 
00100011T0100020 20115139610001160024778820014       01897X0000000092096 FUNDACAO AGENCIA DAS BACIAS HI                                                                                000000002708202500000000  000000000                      
0010001300001T 0201897X0000000092096 24778829000008819   7000008819      30092025000000000069226001003409000008819                0900000000000010000000000000000000000000000000000000000   0000000000000000000000519A9        170192477882     
0010001300002U 020000000000000000000000000000000000000000000000000000000000000000000000000000000000000000000000000000000000000000000000002708202500000000            000000000000000                              000                           
0010001300003T 0201897X0000000092096 24778829000008820   7000008820      29082025000000000966179001004154000008820                0900000000000010000000000000000000000000000000000000000   0000000000000000000000519A9        170192477882     
0010001300004U 020000000000000000000000000000000000000000000000000000000000000000000000000000000000000000000000000000000000000000000000002708202500000000            000000000000000                              000                           
0010001300005T 0201897X0000000092096 24778829000008821   7000008821      30092025000000000169908001008117000008821                0900000000000010000000000000000000000000000000000000000   0000000000000000000000519A9        170192477882     
0010001300006U 020000000000000000000000000000000000000000000000000000000000000000000000000000000000000000000000000000000000000000000000002708202500000000            000000000000000                              000                           
0010001300007T 0201897X0000000092096 24778829000008822   7000008822      30092025000000000218941001066583000008822                0900000000000010500000000000000000000000000000000000000   0000000000000000000000519A9A4      170192477882     
0010001300008U 020000000000000000000000000000000000000000000000000000000000000000000000000000000000000000000000000000000000000000000000002708202500000000            000000000000000                              000                           
0010001300009T 0201897X0000000092096 24778829000008823   7000008823      30092025000000000099564001024171000008823                0900000000000010500000000000000000000000000000000000000   0000000000000000000000519A9A4      170192477882     
0010001300010U 020000000000000000000000000000000000000000000000000000000000000000000000000000000000000000000000000000000000000000000000002708202500000000            000000000000000                              000                           
0010001300011T 0201897X0000000092096 24778829000008824   7000008824      30092025000000000058553001003190000008824                0900000000000010500000000000000000000000000000000000000   0000000000000000000000519A9A4      170192477882     
0010001300012U 020000000000000000000000000000000000000000000000000000000000000000000000000000000000000000000000000000000000000000000000002708202500000000            000000000000000                              000                           
0010001300013T 0201897X0000000092096 24778829000008825   7000008825      29082025000000000071849001001724000008825                0900000000000010500000000000000000000000000000000000000   0000000000000000000000519A9A4      170192477882     
0010001300014U 020000000000000000000000000000000000000000000000000000000000000000000000000000000000000000000000000000000000000000000000002708202500000000            000000000000000                              000                           
0010001300015T 0201897X0000000092096 24778829000008826   7000008826      29082025000000000084340001001724000008826                0900000000000010500000000000000000000000000000000000000   0000000000000000000000519A9A4      170192477882     
0010001300016U 020000000000000000000000000000000000000000000000000000000000000000000000000000000000000000000000000000000000000000000000002708202500000000            000000000000000                              000                           
0010001300017T 0601897X0000000092096 24778822500001719   700000000000171929082025000000000023777033005450000001719                0900000000000010100000000000000000000000000000000000000   000000000000000000000000004        170192477882     
0010001300018U 060000000000000000000000000000000000000000000000000000000000000000000000237770000000000237770000000000000000000000000000002708202528082025            000000000000000                              000                           
0010001300019T 0601897X0000000092096 24778822500001845   700000000000184529082025000000000021980341007960000001845                0900000000000010100000000000000000000000000000000000000   000000000000000000000000004        170192477882     
0010001300020U 060000000000000000000000000000000000000000000000000000000000000000000000219800000000000219800000000000000000000000000000002708202528082025            000000000000000                              000                           
0010001300021T 0601897X0000000092096 24778822500001863   700000000000186329082025000000000021958341030710000001863                0900000000000010100000000000000000000000000000000000000   000000000000000000000000004        170192477882     
0010001300022U 060000000000000000000000000000000000000000000000000000000000000000000000219580000000000219580000000000000000000000000000002708202528082025            000000000000000                              000                           
0010001300023T 0601897X0000000092096 24778822500001923   700000000000192329082025000000000021226341015360000001923                0900000000000010100000000000000000000000000000000000000   000000000000000000000000004        170192477882     
0010001300024U 060000000000000000000000000000000000000000000000000000000000000000000000212260000000000212260000000000000000000000000000002708202528082025            000000000000000                              000                           
0010001300025T 0601897X0000000092096 24778822500002080   700000000000208029082025000000000023407237002150000002080                0900000000000010100000000000000000000000000000000000000   000000000000000000000000004        170192477882     
0010001300026U 060000000000000000000000000000000000000000000000000000000000000000000000234070000000000234070000000000000000000000000000002708202528082025            000000000000000                              000                           
0010001300027T 0601897X0000000092096 24778822500002392   700000000000239229082025000000000020494341006580000002392                0900000000000010100000000000000000000000000000000000000   000000000000000000000000004        170192477882     
0010001300028U 060000000000000000000000000000000000000000000000000000000000000000000000204940000000000204940000000000000000000000000000002708202528082025            000000000000000                              000                           
0010001300029T 0601897X0000000092096 24778822500002408   700000000000240829082025000000000020346341008970000002408                0900000000000010100000000000000000000000000000000000000   000000000000000000000000004        170192477882     
0010001300030U 060000000000000000000000000000000000000000000000000000000000000000000000203460000000000203460000000000000000000000000000002708202528082025            000000000000000                              000                           
0010001300031T 0601897X0000000092096 24778822500002760   70000000000027602908202500000000002043700101897X000002760                0900000000000010090000000000000000000000000000000000000   000000000000000000000000006        170192477882     
0010001300032U 060000000000000000000000000000000000000000000000000000000000000000000000204370000000000204370000000000000000000000000000002708202528082025            000000000000000                              000                           
0010001300033T 0601897X0000000092096 24778822500002919   700000000000291929082025000000000022329341000120000002919                0900000000000010100000000000000000000000000000000000000   000000000000000000000000004        170192477882     
0010001300034U 060000000000000000000000000000000000000000000000000000000000000000000000223290000000000223290000000000000000000000000000002708202528082025            000000000000000                              000                           
0010001300035T 0601897X0000000092096 24778822500003021   700000000000302129082025000000000021804341012920000003021                0900000000000010100000000000000000000000000000000000000   000000000000000000000000004        170192477882     
0010001300036U 060000000000000000000000000000000000000000000000000000000000000000000000218040000000000218040000000000000000000000000000002708202528082025            000000000000000                              000                           
0010001300037T 0601897X0000000092096 24778822500003165   700000000000316529082025000000000020643033000410000003165                0900000000000010100000000000000000000000000000000000000   000000000000000000000000004        170192477882     
0010001300038U 060000000000000000000000000000000000000000000000000000000000000000000000206430000000000206430000000000000000000000000000002708202528082025            000000000000000                              000                           
0010001300039T 0601897X0000000092096 24778822500003213   700000000000321329082025000000000020219033003030000003213                0900000000000010100000000000000000000000000000000000000   000000000000000000000000004        170192477882     
0010001300040U 060000000000000000000000000000000000000000000000000000000000000000000000202190000000000202190000000000000000000000000000002708202528082025            000000000000000                              000                           
0010001300041T 0601897X0000000092096 24778822500003225   700000000000322529082025000000000020151341044580000003225                0900000000000010100000000000000000000000000000000000000   000000000000000000000000004        170192477882     
0010001300042U 060000000000000000000000000000000000000000000000000000000000000000000000201510000000000201510000000000000000000000000000002708202528082025            000000000000000                              000                           
0010001300043T 0601897X0000000092096 24778822500003324   700000000000332429082025000000005419538104002980000003324                0900000000000010100000000000000000000000000000000000000   000000000000000000000000004        170192477882     
0010001300044U 060000000000000000000000000000000000000000000000000000000000000000000054195380000000054195380000000000000000000000000000002708202528082025            000000000000000                              000                           
0010001300045T 0601897X0000000092096 24778822500003443   700000000000344329082025000000001971120001045276000003443                0900000000000010040000000000000000000000000000000000000   000000000000000000000000034        170192477882     
0010001300046U 060000000000000000000000000000000000000000000000000000000000000000000019711200000000019711200000000000000000000000000000002708202528082025            000000000000000                              000                           
0010001300047T 0601897X0000000092096 24778822500003464   700000000000346429082025000000001458572341009100000003464                0900000000000010100000000000000000000000000000000000000   000000000000000000000000004        170192477882     
0010001300048U 060000000000000000000000000000000000000000000000000000000000000000000014585720000000014585720000000000000000000000000000002708202528082025            000000000000000                              000                           
0010001300049T 0601897X0000000092096 24778822500003730   700000000000373029082025000000000371250274000010000003730                0900000000000010100000000000000000000000000000000000000   000000000000000000000000004        170192477882     
0010001300050U 060000000000000000000000000000000000000000000000000000000000000000000003712500000000003712500000000000000000000000000000002708202528082025            000000000000000                              000                           
0010001300051T 0601897X0000000092096 24778822500003940   700000000000394029082025000000000224176237003060000003940                0900000000000010100000000000000000000000000000000000000   000000000000000000000000004        170192477882     
0010001300052U 060000000000000000000000000000000000000000000000000000000000000000000002241760000000002241760000000000000000000000000000002708202528082025            000000000000000                              000                           
0010001300053T 0601897X0000000092096 24778822500004129   700000000000412929082025000000000177340001033626000004129                0900000000000010090000000000000000000000000000000000000   000000000000000000000000006        170192477882     
0010001300054U 060000000000000000000000000000000000000000000000000000000000000000000001773400000000001773400000000000000000000000000000002708202528082025            000000000000000                              000                           
0010001300055T 0601897X0000000092096 24778822500004395   700000000000439529082025000000000123620341015650000004395                0900000000000010100000000000000000000000000000000000000   000000000000000000000000004        170192477882     
0010001300056U 060000000000000000000000000000000000000000000000000000000000000000000001236200000000001236200000000000000000000000000000002708202528082025            000000000000000                              000                           
0010001300057T 0601897X0000000092096 24778822500004542   700000000000454229082025000000000104648341048360000004542                0900000000000010100000000000000000000000000000000000000   000000000000000000000000004        170192477882     
0010001300058U 060000000000000000000000000000000000000000000000000000000000000000000001046480000000001046480000000000000000000000000000002708202528082025            000000000000000                              000                           
0010001300059T 0601897X0000000092096 24778822500004570   700000000000457029082025000000000104468001031410000004570                0900000000000010010000000000000000000000000000000000000   000000000000000000000000032        170192477882     
0010001300060U 060000000000000000000000000000000000000000000000000000000000000000000001044680000000001044680000000000000000000000000000002708202528082025            000000000000000                              000                           
0010001300061T 0601897X0000000092096 24778822500004598   700000000000459829082025000000000102401341003780000004598                0900000000000010100000000000000000000000000000000000000   000000000000000000000000004        170192477882     
0010001300062U 060000000000000000000000000000000000000000000000000000000000000000000001024010000000001024010000000000000000000000000000002708202528082025            000000000000000                              000                           
0010001300063T 0601897X0000000092096 24778822500004738   700000000000473829082025000000000088637341015650000004738                0900000000000010100000000000000000000000000000000000000   000000000000000000000000004        170192477882     
0010001300064U 060000000000000000000000000000000000000000000000000000000000000000000000886370000000000886370000000000000000000000000000002708202528082025            000000000000000                              000                           
0010001300065T 0601897X0000000092096 24778822500004822   70000000000048222908202500000000008447100101897X000004822                0900000000000010090000000000000000000000000000000000000   000000000000000000000000006        170192477882     
0010001300066U 060000000000000000000000000000000000000000000000000000000000000000000000844710000000000844710000000000000000000000000000002708202528082025            000000000000000                              000                           
0010001300067T 0601897X0000000092096 24778822500005060   700000000000506029082025000000000072315341000540000005060                0900000000000010100000000000000000000000000000000000000   000000000000000000000000004        170192477882     
0010001300068U 060000000000000000000000000000000000000000000000000000000000000000000000723150000000000723150000000000000000000000000000002708202528082025            000000000000000                              000                           
0010001300069T 0601897X0000000092096 24778822500005074   700000000000507429082025000000000071738341008970000005074                0900000000000010100000000000000000000000000000000000000   000000000000000000000000004        170192477882     
0010001300070U 060000000000000000000000000000000000000000000000000000000000000000000000717380000000000717380000000000000000000000000000002708202528082025            000000000000000                              000                           
0010001300071T 0601897X0000000092096 24778822500005088   70000000000050882908202500000000006880300103360X000005088                0900000000000010040000000000000000000000000000000000000   000000000000000000000000034        170192477882     
0010001300072U 060000000000000000000000000000000000000000000000000000000000000000000000688030000000000688030000000000000000000000000000002708202528082025            000000000000000                              000                           
0010001300073T 0601897X0000000092096 24778822500005242   700000000000524229082025000000000063511341015650000005242                0900000000000010100000000000000000000000000000000000000   000000000000000000000000004        170192477882     
0010001300074U 060000000000000000000000000000000000000000000000000000000000000000000000635110000000000635110000000000000000000000000000002708202528082025            000000000000000                              000                           
0010001300075T 0601897X0000000092096 24778822500005319   700000000000531929082025000000000061481341000280000005319                0900000000000010100000000000000000000000000000000000000   000000000000000000000000004        170192477882     
0010001300076U 060000000000000000000000000000000000000000000000000000000000000000000000614810000000000614810000000000000000000000000000002708202528082025            000000000000000                              000                           
0010001300077T 0601897X0000000092096 24778822500005578   700000000000557829082025000000000053512237035050000005578                0900000000000010100000000000000000000000000000000000000   000000000000000000000000004        170192477882     
0010001300078U 060000000000000000000000000000000000000000000000000000000000000000000000535120000000000535120000000000000000000000000000002708202528082025            000000000000000                              000                           
0010001300079T 0601897X0000000092096 24778822500005585   700000000000558529082025000000000052965341005600000005585                0900000000000010100000000000000000000000000000000000000   000000000000000000000000004        170192477882     
0010001300080U 060000000000000000000000000000000000000000000000000000000000000000000000529650000000000529650000000000000000000000000000002708202528082025            000000000000000                              000                           
0010001300081T 0601897X0000000092096 24778822500005725   700000000000572529082025000000000050040033000130000005725                0900000000000010100000000000000000000000000000000000000   000000000000000000000000004        170192477882     
0010001300082U 060000000000000000000000000000000000000000000000000000000000000000000000500400000000000500400000000000000000000000000000002708202528082025            000000000000000                              000                           
0010001300083T 0601897X0000000092096 24778822500005816   700000000000581629082025000000000046332341055890000005816                0900000000000010100000000000000000000000000000000000000   000000000000000000000000004        170192477882     
0010001300084U 060000000000000000000000000000000000000000000000000000000000000000000000463320000000000463320000000000000000000000000000002708202528082025            000000000000000                              000                           
0010001300085T 0601897X0000000092096 24778822500006180   700000000000618029082025000000000039801341015650000006180                0900000000000010100000000000000000000000000000000000000   000000000000000000000000004        170192477882     
0010001300086U 060000000000000000000000000000000000000000000000000000000000000000000000398010000000000398010000000000000000000000000000002708202528082025            000000000000000                              000                           
0010001300087T 0601897X0000000092096 24778822500006278   700000000000627829082025000000000037641237013400000006278                0900000000000010100000000000000000000000000000000000000   000000000000000000000000004        170192477882     
0010001300088U 060000000000000000000000000000000000000000000000000000000000000000000000376410000000000376410000000000000000000000000000002708202528082025            000000000000000                              000                           
0010001300089T 0601897X0000000092096 24778822500006369   700000000000636929082025000000000036506033033770000006369                0900000000000010100000000000000000000000000000000000000   000000000000000000000000004        170192477882     
0010001300090U 060000000000000000000000000000000000000000000000000000000000000000000000365060000000000365060000000000000000000000000000002708202528082025            000000000000000                              000                           
0010001300091T 0601897X0000000092096 24778822500006509   700000000000650929082025000000000034212033005750000006509                0900000000000010100000000000000000000000000000000000000   000000000000000000000000004        170192477882     
0010001300092U 060000000000000000000000000000000000000000000000000000000000000000000000342120000000000342120000000000000000000000000000002708202528082025            000000000000000                              000                           
0010001300093T 0601897X0000000092096 24778822500006663   700000000000666329082025000000000033342341000120000006663                0900000000000010100000000000000000000000000000000000000   000000000000000000000000004        170192477882     
0010001300094U 060000000000000000000000000000000000000000000000000000000000000000000000333420000000000333420000000000000000000000000000002708202528082025            000000000000000                              000                           
0010001300095T 0601897X0000000092096 24778822500006684   700000000000668429082025000000000033137001065072000006684                0900000000000010040000000000000000000000000000000000000   000000000000000000000000034        170192477882     
0010001300096U 060000000000000000000000000000000000000000000000000000000000000000000000331370000000000331370000000000000000000000000000002708202528082025            000000000000000                              000                           
0010001300097T 0601897X0000000092096 24778822500006698   700000000000669829082025000000000032889341015650000006698                0900000000000010100000000000000000000000000000000000000   000000000000000000000000004        170192477882     
0010001300098U 060000000000000000000000000000000000000000000000000000000000000000000000328890000000000328890000000000000000000000000000002708202528082025            000000000000000                              000                           
0010001300099T 0601897X0000000092096 24778822500006943   700000000000694329082025000000000030322509000010000006943                0900000000000010100000000000000000000000000000000000000   000000000000000000000000004        170192477882     
0010001300100U 060000000000000000000000000000000000000000000000000000000000000000000000303220000000000303220000000000000000000000000000002708202528082025            000000000000000                              000                           
0010001300101T 0601897X0000000092096 24778822500007013   700000000000701329082025000000000029718237033900000007013                0900000000000010100000000000000000000000000000000000000   000000000000000000000000004        170192477882     
0010001300102U 060000000000000000000000000000000000000000000000000000000000000000000000297180000000000297180000000000000000000000000000002708202528082025            000000000000000                              000                           
0010001300103T 0601897X0000000092096 24778822500007307   700000000000730729082025000000000025483033043780000007307                0900000000000010100000000000000000000000000000000000000   000000000000000000000000004        170192477882     
0010001300104U 060000000000000000000000000000000000000000000000000000000000000000000000254830000000000254830000000000000000000000000000002708202528082025            000000000000000                              000                           
0010001300105T 0601897X0000000092096 24778822500007643   700000000000764329082025000000000022585033002870000007643                0900000000000010100000000000000000000000000000000000000   000000000000000000000000004        170192477882     
0010001300106U 060000000000000000000000000000000000000000000000000000000000000000000000225850000000000225850000000000000000000000000000002708202528082025            000000000000000                              000                           
0010001300107T 0601897X0000000092096 24778822500007769   700000000000776929082025000000000021456341006580000007769                0900000000000010100000000000000000000000000000000000000   000000000000000000000000004        170192477882     
0010001300108U 060000000000000000000000000000000000000000000000000000000000000000000000214560000000000214560000000000000000000000000000002708202528082025            000000000000000                              000                           
0010001300109T 0601897X0000000092096 24778829000008570   7000008570      29082025000000000087135341001640000008570                0900000000000010100000000000000000000000000000000000000   000000000000000000000000004        170192477882     
0010001300110U 060000000000000000000000000000000000000000000000000000000000000000000000871350000000000871350000000000000000000000000000002708202528082025            000000000000000                              000                           
0010001300111T 0601897X0000000092096 24778829000008740   7000008740      30092025000000000117182104021990000008740                0900000000000010100000000000000000000000000000000000000   000000000000000000000000004        170192477882     
0010001300112U 060000000000000000000000000000000000000000000000000000000000000000000001171820000000001171820000000000000000000000000000002708202528082025            000000000000000                              000                           
0010001300113T 0601897X0000000092096 24778829000008752   7000008752      29082025000000008073268104030800000008752                0900000000000010100000000000000000000000000000000000000   000000000000000000000000004        170192477882     
0010001300114U 060000000000000000000000000000000000000000000000000000000000000000000080732680000000080732680000000000000000000000000000002708202528082025            000000000000000                              000                           
0010001300115T 0601897X0000000092096 24778829000008785   7000008785      29082025000000000162662341000090000008785                0900000000000010100000000000000000000000000000000000000   000000000000000000000000004        170192477882     
0010001300116U 060000000000000000000000000000000000000000000000000000000000000000000001626620000000001626620000000000000000000000000000002708202528082025            000000000000000                              000                           
0010001300117T 0601897X0000000092096 24778829000008798   7000008798      30092025000000000098039104002980000008798                0900000000000010100000000000000000000000000000000000000   000000000000000000000000004        170192477882     
0010001300118U 060000000000000000000000000000000000000000000000000000000000000000000000980390000000000980390000000000000000000000000000002708202528082025            000000000000000                              000                           
0010001300119T 0601897X0000000092096 24778829000008804   7000008804      30092025000000000056269341071590000008804                0900000000000010100000000000000000000000000000000000000   000000000000000000000000004        170192477882     
0010001300120U 060000000000000000000000000000000000000000000000000000000000000000000000562690000000000562690000000000000000000000000000002708202528082025            000000000000000                              000                           
0010001300121T 0901897X0000000092096 24778822500001060   700000000000106031072025000000000029277001003190000001060                0900000000000000000000000000000000000000000000000000000   000000000000000000000039010        170192477882     
0010001300122U 090000000000000000000000000000000000000000000000000000000000000000000000000000000000000000000000000000000000000000000000002708202500000000            000000000000000                              000                           
00100015         000124004501000000013537280590000000000000000000000000000000000000000000000000000000000000000000000000000000000000000000000000000                                                                                              
00199999         000001000126000000                                                                                                                                                            00000000000000000000000000000                    
