00100000         2115139610001160024778820014       01897X0000000092096 FUNDACAO AGENCIA DAS BACIAS HIBANCO DO BRASIL                         20209202502025900620703000000829973081PROCESSAMEN                                                 
00100011T0100020 20115139610001160024778820014       01897X0000000092096 FUNDACAO AGENCIA DAS BACIAS HI                                                                                000000000209202500000000  000000000                      
0010001300001T 0201897X0000000092096 24778829000008849   7000008849      30092025000000000084712001024538000008849                0900000000000010000000000000000000000000000000000000000   0000000000000000000000519A9        170192477882     
0010001300002U 020000000000000000000000000000000000000000000000000000000000000000000000000000000000000000000000000000000000000000000000000209202500000000            000000000000000                              000                           
0010001300003T 0201897X0000000092096 24778829000008850   7000008850      30092025000000000045943001009903000008850                0900000000000010000000000000000000000000000000000000000   0000000000000000000000519A9        170192477882     
0010001300004U 020000000000000000000000000000000000000000000000000000000000000000000000000000000000000000000000000000000000000000000000000209202500000000            000000000000000                              000                           
0010001300005T 0201897X0000000092096 24778829000008851   7000008851      30092025000000000024530001009903000008851                0900000000000010000000000000000000000000000000000000000   0000000000000000000000519A9        170192477882     
0010001300006U 020000000000000000000000000000000000000000000000000000000000000000000000000000000000000000000000000000000000000000000000000209202500000000            000000000000000                              000                           
0010001300007T 0601897X0000000092096 24778822500001842   700000000000184229082025000000000022004104002780000001842                0900000000000010100000000000000000000000000000000000000   000000000000000000000000004        170192477882     
0010001300008U 060000000000004690000000000000000000000000000000000000000000000000000000224730000000000224730000000000000000000000000000000209202503092025            000000000000000                              000                           
0010001300009T 0601897X0000000092096 24778822500003087   700000000000308729082025000000000021304341005340000003087                0900000000000010100000000000000000000000000000000000000   000000000000000000000000004        170192477882     
0010001300010U 060000000000004540000000000000000000000000000000000000000000000000000000217580000000000217580000000000000000000000000000000209202503092025            000000000000000                              000                           
0010001300011T 0601897X0000000092096 24778822500004836   700000000000483629082025000000000083648341001690000004836                0900000000000010100000000000000000000000000000000000000   000000000000000000000000004        170192477882     
0010001300012U 060000000000017830000000000000000000000000000000000000000000000000000000854310000000000854310000000000000000000000000000000209202503092025            000000000000000                              000                           
0010001300013T 0601897X0000000092096 24778822500004948   700000000000494829082025000000000075942341001690000004948                0900000000000010100000000000000000000000000000000000000   000000000000000000000000004        170192477882     
0010001300014U 060000000000016190000000000000000000000000000000000000000000000000000000775610000000000775610000000000000000000000000000000209202503092025            000000000000000                              000                           
0010001300015T 0601897X0000000092096 24778822500005298   700000000000529829082025000000000062234748051340000005298                0900000000000010100000000000000000000000000000000000000   000000000000000000000000004        170192477882     
0010001300016U 060000000000013260000000000000000000000000000000000000000000000000000000635600000000000635600000000000000000000000000000000209202503092025            000000000000000                              000                           
0010001300017T 0601897X0000000092096 24778822500005375   700000000000537529082025000000000060131341053960000005375                0900000000000010100000000000000000000000000000000000000   000000000000000000000000004        170192477882     
0010001300018U 060000000000012820000000000000000000000000000000000000000000000000000000614130000000000614130000000000000000000000000000000209202503092025            000000000000000                              000                           
0010001300019T 0601897X0000000092096 24778822500007889   700000000000788930092025000000000020912509000010000007889                0900000000000010100000000000000000000000000000000000000   000000000000000000000000004        170192477882     
0010001300020U 060000000000000000000000000000000000000000000000000000000000000000000000209120000000000209120000000000000000000000000000000209202503092025            000000000000000                              000                           
0010001300021T 0601897X0000000092096 24778829000008765   7000008765      29082025000000000024792104002780000008765                0900000000000010100000000000000000000000000000000000000   000000000000000000000000004        170192477882     
0010001300022U 060000000000005280000000000000000000000000000000000000000000000000000000253200000000000253200000000000000000000000000000000209202503092025            000000000000000                              000                           
0010001300023T 0901897X0000000092096 24778822500006018   700000000000601831072025000000000041824001003190000006018                0900000000000000000000000000000000000000000000000000000   000000000000000000000039010        170192477882     
0010001300024U 090000000000000000000000000000000000000000000000000000000000000000000000000000000000000000000000000000000000000000000000000209202500000000            000000000000000                              000                           
0010001300025T 0901897X0000000092096 24778822500006019   700000000000601929082025000000000041824001003190000006019                0900000000000000000000000000000000000000000000000000000   000000000000000000000039010        170192477882     
0010001300026U 090000000000000000000000000000000000000000000000000000000000000000000000000000000000000000000000000000000000000000000000000209202500000000            000000000000000                              000                           
0010001300027T 0901897X0000000092096 24778822500006020   700000000000602030092025000000000041824001003190000006020                0900000000000000000000000000000000000000000000000000000   000000000000000000000039010        170192477882     
0010001300028U 090000000000000000000000000000000000000000000000000000000000000000000000000000000000000000000000000000000000000000000000000209202500000000            000000000000000                              000                           
0010001300029T 0901897X0000000092096 24778822500006021   700000000000602131102025000000000041824001003190000006021                0900000000000000000000000000000000000000000000000000000   000000000000000000000039010        170192477882     
0010001300030U 090000000000000000000000000000000000000000000000000000000000000000000000000000000000000000000000000000000000000000000000000209202500000000            000000000000000                              000                           
0010001300031T 0901897X0000000092096 24778822500006022   700000000000602228112025000000000041824001003190000006022                0900000000000000000000000000000000000000000000000000000   000000000000000000000039010        170192477882     
0010001300032U 090000000000000000000000000000000000000000000000000000000000000000000000000000000000000000000000000000000000000000000000000209202500000000            000000000000000                              000                           
0010001300033T 0901897X0000000092096 24778822500006023   700000000000602319122025000000000041824001003190000006023                0900000000000000000000000000000000000000000000000000000   000000000000000000000039010        170192477882     
0010001300034U 090000000000000000000000000000000000000000000000000000000000000000000000000000000000000000000000000000000000000000000000000209202500000000            000000000000000                              000                           
00100015         000036003891000000011695134710000000000000000000000000000000000000000000000000000000000000000000000000000000000000000000000000000                                                                                              
00199999         000001000038000000                                                                                                                                                            00000000000000000000000000000                    
