00100000         2115139610001160024778820014       01897X0000000092096 FUNDACAO AGENCIA DAS BACIAS HIBANCO DO BRASIL                         20909202502031300621703000000829973081PROCESSAMEN                                                 
00100011T0100020 20115139610001160024778820014       01897X0000000092096 FUNDACAO AGENCIA DAS BACIAS HI                                                                                000000000909202500000000  000000000                      
0010001300001T 0201897X0000000092096 24778829000008875   7000008875      30092025000000000130689001000566000008875                0900000000000010500000000000000000000000000000000000000   0000000000000000000000519A9A4      170192477882     
0010001300002U 020000000000000000000000000000000000000000000000000000000000000000000000000000000000000000000000000000000000000000000000000909202500000000            000000000000000                              000                           
0010001300003T 0201897X0000000092096 24778829000008876   7000008876      30092025000000000022835001009946000008876                0900000000000010500000000000000000000000000000000000000   0000000000000000000000519A9A4      170192477882     
0010001300004U 020000000000000000000000000000000000000000000000000000000000000000000000000000000000000000000000000000000000000000000000000909202500000000            000000000000000                              000                           
0010001300005T 0201897X0000000092096 24778829000008877   7000008877      30092025000000000092124001000566000008877                0900000000000010500000000000000000000000000000000000000   0000000000000000000000519A9A4      170192477882     
0010001300006U 020000000000000000000000000000000000000000000000000000000000000000000000000000000000000000000000000000000000000000000000000909202500000000            000000000000000                              000                           
0010001300007T 0201897X0000000092096 24778829000008878   7000008878      30092025000000000098234001003409000008878                0900000000000010500000000000000000000000000000000000000   0000000000000000000000519A9A4      170192477882     
0010001300008U 020000000000000000000000000000000000000000000000000000000000000000000000000000000000000000000000000000000000000000000000000909202500000000            000000000000000                              000                           
0010001300009T 0601897X0000000092096 24778822500004816   700000000000481630092025000000000084564341002570000004816                0900000000000010100000000000000000000000000000000000000   000000000000000000000000004        170192477882     
0010001300010U 060000000000000000000000000000000000000000000000000000000000000000000000845640000000000845640000000000000000000000000000000909202510092025            000000000000000                              000                           
0010001300011T 0601897X0000000092096 24778822500006629   700000000000662930092025000000000033459104029770000006629                0900000000000010100000000000000000000000000000000000000   000000000000000000000000004        170192477882     
0010001300012U 060000000000000000000000000000000000000000000000000000000000000000000000334590000000000334590000000000000000000000000000000909202510092025            000000000000000                              000                           
0010001300013T 0601897X0000000092096 24778822500006783   700000000000678330092025000000000032176341081470000006783                0900000000000010100000000000000000000000000000000000000   000000000000000000000000004        170192477882     
0010001300014U 060000000000000000000000000000000000000000000000000000000000000000000000321760000000000321760000000000000000000000000000000909202510092025            000000000000000                              000                           
0010001300015T 0601897X0000000092096 24778822500008008   700000000000800830092025000000000020326001024538000008008                0900000000000010040000000000000000000000000000000000000   000000000000000000000000034        170192477882     
0010001300016U 060000000000000000000000000000000000000000000000000000000000000000000000203260000000000203260000000000000000000000000000000909202510092025            000000000000000                              000                           
0010001300017T 0601897X0000000092096 24778829000008869   7000008869      30092025000000000762499341000540000008869                0900000000000010100000000000000000000000000000000000000   000000000000000000000000004        170192477882     
0010001300018U 060000000000000000000000000000000000000000000000000000000000000000000007624990000000007624990000000000000000000000000000000909202510092025            000000000000000                              000                           
00100015         000020003478000000011453913860000000000000000000000000000000000000000000000000000000000000000000000000000000000000000000000000000                                                                                              
00199999         000001000022000000                                                                                                                                                            00000000000000000000000000000                    
