00100000         2115139610001160024778820014       01897X0000000092096 FUNDACAO AGENCIA DAS BACIAS HIBANCO DO BRASIL                         20605202502021900604303000000829973081PROCESSAMEN                                                 
00100011T0100020 20115139610001160024778820014       01897X0000000092096 FUNDACAO AGENCIA DAS BACIAS HI                                                                                000000000605202500000000  000000000                      
0010001300001T 0901897X0000000092096 24778829000008505   7000008505      3103202500000000023168400101849X000008505                0900000000000000000000000000000000000000000000000000000   000000000000000000000039009        170192477882     
0010001300002U 090000000000000000000000000000000000000000000000000000000000000000000000000000000000000000000000000000000000000000000000000605202500000000            000000000000000                              000                           
00100015         000004000052000000000288645990000000000000000000000000000000000000000000000000000000000000000000000000000000000000000000000000000                                                                                              
00199999         000001000006000000                                                                                                                                                            00000000000000000000000000000                    
