00100000         2115139610001160024778820014       01897X0000000092096 FUNDACAO AGENCIA DAS BACIAS HIBANCO DO BRASIL                         21508202502041500618303000000829973081PROCESSAMEN                                                 
00100011T0100020 20115139610001160024778820014       01897X0000000092096 FUNDACAO AGENCIA DAS BACIAS HI                                                                                000000001508202500000000  000000000                      
0010001300001T 0201897X0000000092096 24778829000008769   7000008769      29082025000000000045467001027669000008769                0900000000000010500000000000000000000000000000000000000   0000000000000000000000519A9A4      170192477882     
0010001300002U 020000000000000000000000000000000000000000000000000000000000000000000000000000000000000000000000000000000000000000000000001508202500000000            000000000000000                              000                           
0010001300003T 0201897X0000000092096 24778829000008770   7000008770      29082025000000000021878001024279000008770                0900000000000010000000000000000000000000000000000000000   0000000000000000000000519A9        170192477882     
0010001300004U 020000000000000000000000000000000000000000000000000000000000000000000000000000000000000000000000000000000000000000000000001508202500000000            000000000000000                              000                           
0010001300005T 0601897X0000000092096 24778822500001338   700000000000133815082025000000000022490237010990000001338                0900000000000010100000000000000000000000000000000000000   000000000000000000000000004        170192477882     
0010001300006U 060000000000000000000000000000000000000000000000000000000000000000000000224900000000000224900000000000000000000000000000001508202518082025            000000000000000                              000                           
0010001300007T 0601897X0000000092096 24778822500001824   700000000000182429082025000000000022397033042770000001824                0900000000000010100000000000000000000000000000000000000   000000000000000000000000004        170192477882     
0010001300008U 060000000000000000000000000000000000000000000000000000000000000000000000223970000000000223970000000000000000000000000000001508202518082025            000000000000000                              000                           
0010001300009T 0601897X0000000092096 24778822500003261   700000000000326129082025000000054920628001030708000003261                0900000000000010090000000000000000000000000000000000000   000000000000000000000000006        170192477882     
0010001300010U 060000000000000000000000000000000000000000000000000000000000000000000549206280000000549206280000000000000000000000000000001508202518082025            000000000000000                              000                           
0010001300011T 0601897X0000000092096 24778822500003485   700000000000348529082025000000001225190341018280000003485                0900000000000010100000000000000000000000000000000000000   000000000000000000000000004        170192477882     
0010001300012U 060000000000000000000000000000000000000000000000000000000000000000000012251900000000012251900000000000000000000000000000001508202518082025            000000000000000                              000                           
0010001300013T 0601897X0000000092096 24778822500004136   700000000000413629082025000000000176846237003330000004136                0900000000000010100000000000000000000000000000000000000   000000000000000000000000004        170192477882     
0010001300014U 060000000000000000000000000000000000000000000000000000000000000000000001768460000000001768460000000000000000000000000000001508202518082025            000000000000000                              000                           
0010001300015T 0601897X0000000092096 24778822500005004   700000000000500429082025000000000074837033046050000005004                0900000000000010100000000000000000000000000000000000000   000000000000000000000000004        170192477882     
0010001300016U 060000000000000000000000000000000000000000000000000000000000000000000000748370000000000748370000000000000000000000000000001508202518082025            000000000000000                              000                           
0010001300017T 0601897X0000000092096 24778822500006054   700000000000605429082025000000000041776748051200000006054                0900000000000010100000000000000000000000000000000000000   000000000000000000000000004        170192477882     
0010001300018U 060000000000000000000000000000000000000000000000000000000000000000000000417760000000000417760000000000000000000000000000001508202518082025            000000000000000                              000                           
0010001300019T 0601897X0000000092096 24778822500006572   700000000000657229082025000000000033825341000300000006572                0900000000000010100000000000000000000000000000000000000   000000000000000000000000004        170192477882     
0010001300020U 060000000000000000000000000000000000000000000000000000000000000000000000338250000000000338250000000000000000000000000000001508202518082025            000000000000000                              000                           
0010001300021T 0601897X0000000092096 24778822500006621   700000000000662129082025000000000033459756081450000006621                0900000000000010100000000000000000000000000000000000000   000000000000000000000000004        170192477882     
0010001300022U 060000000000000000000000000000000000000000000000000000000000000000000000334590000000000334590000000000000000000000000000001508202518082025            000000000000000                              000                           
0010001300023T 0601897X0000000092096 24778822500007265   700000000000726529082025000000000026349033000900000007265                0900000000000010100000000000000000000000000000000000000   000000000000000000000000004        170192477882     
0010001300024U 060000000000000000000000000000000000000000000000000000000000000000000000263490000000000263490000000000000000000000000000001508202518082025            000000000000000                              000                           
0010001300025T 0601897X0000000092096 24778822500007727   700000000000772729082025000000000022058341002800000007727                0900000000000010100000000000000000000000000000000000000   000000000000000000000000004        170192477882     
0010001300026U 060000000000000000000000000000000000000000000000000000000000000000000000220580000000000220580000000000000000000000000000001508202518082025            000000000000000                              000                           
0010001300027T 0601897X0000000092096 24778829000008733   7000008733      31102025000000000036465033000590000008733                0900000000000010100000000000000000000000000000000000000   000000000000000000000000004        170192477882     
0010001300028U 060000000000000000000000000000000000000000000000000000000000000000000000364650000000000364650000000000000000000000000000001508202518082025            000000000000000                              000                           
0010001300029T 0601897X0000000092096 24778829000008743   7000008743      29082025000000000050154755013060000008743                0900000000000010100000000000000000000000000000000000000   000000000000000000000000004        170192477882     
0010001300030U 060000000000000000000000000000000000000000000000000000000000000000000000501540000000000501540000000000000000000000000000001508202518082025            000000000000000                              000                           
0010001300031T 0901897X0000000092096 24778822500000312   700000000000031211072025000000000037538001008117000000312                0900000000000000000000000000000000000000000000000000000   000000000000000000000039009        170192477882     
0010001300032U 090000000000000000000000000000000000000000000000000000000000000000000000000000000000000000000000000000000000000000000000001508202500000000            000000000000000                              000                           
0010001300033T 0901897X0000000092096 24778822500000967   700000000000096711072025000000000012425001009296000000967                0900000000000000000000000000000000000000000000000000000   000000000000000000000039009        170192477882     
0010001300034U 090000000000000000000000000000000000000000000000000000000000000000000000000000000000000000000000000000000000000000000000001508202500000000            000000000000000                              000                           
0010001300035T 0901897X0000000092096 24778822500003651   700000000000365111072025000000000557630001009946000003651                0900000000000000000000000000000000000000000000000000000   000000000000000000000039009        170192477882     
0010001300036U 090000000000000000000000000000000000000000000000000000000000000000000000000000000000000000000000000000000000000000000000001508202500000000            000000000000000                              000                           
00100015         000038004621000000013886000320000000000000000000000000000000000000000000000000000000000000000000000000000000000000000000000000000                                                                                              
00199999         000001000040000000                                                                                                                                                            00000000000000000000000000000                    
