00100000         2115139610001160024778820014       01897X0000000092096 FUNDACAO AGENCIA DAS BACIAS HIBANCO DO BRASIL                         22107202502104600614503000000829973081PROCESSAMEN                                                 
00100011T0100020 20115139610001160024778820014       01897X0000000092096 FUNDACAO AGENCIA DAS BACIAS HI                                                                                000000002107202500000000  000000000                      
0010001300001T 0201897X0000000092096 24778829000008704   7000008704      31072025000000000031002001008117000008704                0900000000000010500000000000000000000000000000000000000   0000000000000000000000519A9A4      170192477882     
0010001300002U 020000000000000000000000000000000000000000000000000000000000000000000000000000000000000000000000000000000000000000000000002107202500000000            000000000000000                              000                           
0010001300003T 0201897X0000000092096 24778829000008705   7000008705      31072025000000000940681001003409000008705                0900000000000010500000000000000000000000000000000000000   0000000000000000000000519A9A4      170192477882     
0010001300004U 020000000000000000000000000000000000000000000000000000000000000000000000000000000000000000000000000000000000000000000000002107202500000000            000000000000000                              000                           
0010001300005T 0601897X0000000092096 24778822500000563   700000000000056321072025000000000027632341001360000000563                0900000000000010100000000000000000000000000000000000000   000000000000000000000000004        170192477882     
0010001300006U 060000000000000000000000000000000000000000000000000000000000000000000000276320000000000276320000000000000000000000000000002107202522072025            000000000000000                              000                           
0010001300007T 0601897X0000000092096 24778822500000621   700000000000062104072025000000000025658237003170000000621                0900000000000010100000000000000000000000000000000000000   000000000000000000000000004        170192477882     
0010001300008U 060000000000006580000000000000000000000000000000000000000000000000000000263160000000000263160000000000000000000000000000002107202522072025            000000000000000                              000                           
0010001300009T 0601897X0000000092096 24778822500001050   700000000000105031072025000000000029277341069220000001050                0900000000000010100000000000000000000000000000000000000   000000000000000000000000004        170192477882     
0010001300010U 060000000000000000000000000000000000000000000000000000000000000000000000292770000000000292770000000000000000000000000000002107202522072025            000000000000000                              000                           
0010001300011T 0601897X0000000092096 24778822500001144   700000000000114431072025000000000027229341086800000001144                0900000000000010100000000000000000000000000000000000000   000000000000000000000000004        170192477882     
0010001300012U 060000000000000000000000000000000000000000000000000000000000000000000000272290000000000272290000000000000000000000000000002107202522072025            000000000000000                              000                           
0010001300013T 0601897X0000000092096 24778822500001207   700000000000120721072025000000000025617341001360000001207                0900000000000010100000000000000000000000000000000000000   000000000000000000000000004        170192477882     
0010001300014U 060000000000000000000000000000000000000000000000000000000000000000000000256170000000000256170000000000000000000000000000002107202522072025            000000000000000                              000                           
0010001300015T 0601897X0000000092096 24778822500001324   700000000000132431072025000000000022977237033100000001324                0900000000000010100000000000000000000000000000000000000   000000000000000000000000004        170192477882     
0010001300016U 060000000000000000000000000000000000000000000000000000000000000000000000229770000000000229770000000000000000000000000000002107202522072025            000000000000000                              000                           
0010001300017T 0601897X0000000092096 24778822500001354   700000000000135431072025000000000021987237033890000001354                0900000000000010100000000000000000000000000000000000000   000000000000000000000000004        170192477882     
0010001300018U 060000000000000000000000000000000000000000000000000000000000000000000000219870000000000219870000000000000000000000000000002107202522072025            000000000000000                              000                           
0010001300019T 0601897X0000000092096 24778822500001684   700000000000168421072025000000000024160341001360000001684                0900000000000010100000000000000000000000000000000000000   000000000000000000000000004        170192477882     
0010001300020U 060000000000000000000000000000000000000000000000000000000000000000000000241600000000000241600000000000000000000000000000002107202522072025            000000000000000                              000                           
0010001300021T 0601897X0000000092096 24778822500001895   700000000000189531072025000000000021567033032440000001895                0900000000000010100000000000000000000000000000000000000   000000000000000000000000004        170192477882     
0010001300022U 060000000000000000000000000000000000000000000000000000000000000000000000215670000000000215670000000000000000000000000000002107202522072025            000000000000000                              000                           
0010001300023T 0601897X0000000092096 24778822500007467   700000000000746731072025000000000024467341000920000007467                0900000000000010100000000000000000000000000000000000000   000000000000000000000000004        170192477882     
0010001300024U 060000000000000000000000000000000000000000000000000000000000000000000000244670000000000244670000000000000000000000000000002107202522072025            000000000000000                              000                           
0010001300025T 0601897X0000000092096 24778822500007887   700000000000788731072025000000000020912509000010000007887                0900000000000010100000000000000000000000000000000000000   000000000000000000000000004        170192477882     
0010001300026U 060000000000000000000000000000000000000000000000000000000000000000000000209120000000000209120000000000000000000000000000002107202522072025            000000000000000                              000                           
0010001300027T 0601897X0000000092096 24778829000008680   7000008680      21072025000000000069715237023740000008680                0900000000000010100000000000000000000000000000000000000   000000000000000000000000004        170192477882     
0010001300028U 060000000000000000000000000000000000000000000000000000000000000000000000697150000000000697150000000000000000000000000000002107202522072025            000000000000000                              000                           
0010001300029T 0601897X0000000092096 24778829000008697   7000008697      21072025000000000276080341009120000008697                0900000000000010100000000000000000000000000000000000000   000000000000000000000000004        170192477882     
0010001300030U 060000000000000000000000000000000000000000000000000000000000000000000002760800000000002760800000000000000000000000000000002107202522072025            000000000000000                              000                           
0010001300031T 0901897X0000000092096 24778822500000003   700000000000000330062025000000004448562001003409000000003                0900000000000000000000000000000000000000000000000000000   000000000000000000000039010        170192477882     
0010001300032U 090000000000000000000000000000000000000000000000000000000000000000000000000000000000000000000000000000000000000000000000002107202500000000            000000000000000                              000                           
0010001300033T 1401897X0000000092096 24778822500004463   700000000000446325072025000000000113955001001724000004463                0900000000000000000000000000000000000000000000000000000   000000000000000000000000000        170192477882     
0010001300034U 140000000000000000000000000000000000000000000000000000000000000000000000000000000000000000000000000000000000000000000000002107202500000000            000000000000000                              000                           
00100015         000036006414000000017155278400000000000000000000000000000000000000000000000000000000000000000000000000000000000000000000000000000                                                                                              
00199999         000001000038000000                                                                                                                                                            00000000000000000000000000000                    
