00100000         2115139610001160024778820014       01897X0000000092096 FUNDACAO AGENCIA DAS BACIAS HIBANCO DO BRASIL                         22101202502071500592603000000829973081PROCESSAMEN                                                 
00100011T0100020 20115139610001160024778820014       01897X0000000092096 FUNDACAO AGENCIA DAS BACIAS HI                                                                                000000002101202500000000  000000000                      
0010001300001T 0201897X0000000092096 24778829000008492   7000008492      31012025000000000103278001007994000008492                0900000000000010000000000000000000000000000000000000000   0000000000000000000000519A9        170192477882     
0010001300002U 020000000000000000000000000000000000000000000000000000000000000000000000000000000000000000000000000000000000000000000000002101202500000000            000000000000000                              000                           
0010001300003T 0201897X0000000092096 24778829000008493   7000008493      28022025000000000103278001007994000008493                0900000000000010000000000000000000000000000000000000000   0000000000000000000000519A9        170192477882     
0010001300004U 020000000000000000000000000000000000000000000000000000000000000000000000000000000000000000000000000000000000000000000000002101202500000000            000000000000000                              000                           
0010001300005T 0201897X0000000092096 24778829000008494   7000008494      31032025000000000103278001007994000008494                0900000000000010000000000000000000000000000000000000000   0000000000000000000000519A9        170192477882     
0010001300006U 020000000000000000000000000000000000000000000000000000000000000000000000000000000000000000000000000000000000000000000000002101202500000000            000000000000000                              000                           
0010001300007T 0601897X0000000092096 24778829000008363   7000008363      31012025000000000046678104042260000008363                0900000000000010100000000000000000000000000000000000000   000000000000000000000000004        170192477882     
0010001300008U 060000000000000000000000000000000000000000000000000000000000000000000000466780000000000466780000000000000000000000000000002101202522012025            000000000000000                              000                           
0010001300009T 0901897X0000000092096 24778829000008380   7000008380      31122024000000000154136001007994000008380                0900000000000000000000000000000000000000000000000000000   000000000000000000000039010        170192477882     
0010001300010U 090000000000000000000000000000000000000000000000000000000000000000000000000000000000000000000000000000000000000000000000002101202500000000            000000000000000                              000                           
00100015         000012000271000000000954455060000000000000000000000000000000000000000000000000000000000000000000000000000000000000000000000000000                                                                                              
00199999         000001000014000000                                                                                                                                                            00000000000000000000000000000                    
