00100000         2115139610001160024778820014       01897X0000000092096 FUNDACAO AGENCIA DAS BACIAS HIBANCO DO BRASIL                         21106202502020400609103000000829973081PROCESSAMEN                                                 
00100011T0100020 20115139610001160024778820014       01897X0000000092096 FUNDACAO AGENCIA DAS BACIAS HI                                                                                000000001106202500000000  000000000                      
0010001300001T 0201897X0000000092096 24778829000008620   7000008620      30062025000000000065589001009903000008620                0900000000000010500000000000000000000000000000000000000   0000000000000000000000519A9A4      170192477882     
0010001300002U 020000000000000000000000000000000000000000000000000000000000000000000000000000000000000000000000000000000000000000000000001106202500000000            000000000000000                              000                           
0010001300003T 0601897X0000000092096 24778822500000055   700000000000005530062025000000000278129341000300000000055                0900000000000010100000000000000000000000000000000000000   000000000000000000000000004        170192477882     
0010001300004U 060000000000000000000000000000000000000000000000000000000000000000000002781290000000002781290000000000000000000000000000001106202512062025            000000000000000                              000                           
0010001300005T 0601897X0000000092096 24778822500000257   700000000000025730062025000000000043914341064580000000257                0900000000000010100000000000000000000000000000000000000   000000000000000000000000004        170192477882     
0010001300006U 060000000000000000000000000000000000000000000000000000000000000000000000439140000000000439140000000000000000000000000000001106202512062025            000000000000000                              000                           
0010001300007T 0601897X0000000092096 24778822500000620   700000000000062030062025000000000025661260000010000000620                0900000000000010100000000000000000000000000000000000000   000000000000000000000000004        170192477882     
0010001300008U 060000000000000000000000000000000000000000000000000000000000000000000000256610000000000256610000000000000000000000000000001106202512062025            000000000000000                              000                           
00100015         000010008121000000021716604690000000000000000000000000000000000000000000000000000000000000000000000000000000000000000000000000000                                                                                              
00199999         000001000012000000                                                                                                                                                            00000000000000000000000000000                    
