00100000         2115139610001160024778820014       01897X0000000092096 FUNDACAO AGENCIA DAS BACIAS HIBANCO DO BRASIL                         20207202502024900611903000000829973081PROCESSAMEN                                                 
00100011T0100020 20115139610001160024778820014       01897X0000000092096 FUNDACAO AGENCIA DAS BACIAS HI                                                                                000000000207202500000000  000000000                      
0010001300001T 0201897X0000000092096 24778829000008660   7000008660      31072025000000000039583001004561000008660                0900000000000010500000000000000000000000000000000000000   0000000000000000000000519A9A4      170192477882     
0010001300002U 020000000000000000000000000000000000000000000000000000000000000000000000000000000000000000000000000000000000000000000000000207202500000000            000000000000000                              000                           
0010001300003T 0201897X0000000092096 24778829000008661   7000008661      31072025000000000076693001003018000008661                0900000000000010500000000000000000000000000000000000000   0000000000000000000000519A9A4      170192477882     
0010001300004U 020000000000000000000000000000000000000000000000000000000000000000000000000000000000000000000000000000000000000000000000000207202500000000            000000000000000                              000                           
0010001300005T 0201897X0000000092096 24778829000008662   7000008662      31072025000000000305305001001678000008662                0900000000000010500000000000000000000000000000000000000   0000000000000000000000519A9A4      170192477882     
0010001300006U 020000000000000000000000000000000000000000000000000000000000000000000000000000000000000000000000000000000000000000000000000207202500000000            000000000000000                              000                           
0010001300007T 0601897X0000000092096 24778822500000116   700000000000011604072025000000000125901341020000000000116                0900000000000010100000000000000000000000000000000000000   000000000000000000000000004        170192477882     
0010001300008U 060000000000000000000000000000000000000000000000000000000000000000000001259010000000001259010000000000000000000000000000000207202503072025            000000000000000                              000                           
0010001300009T 0601897X0000000092096 24778822500000222   700000000000022230062025000000000055470341037680000000222                0900000000000010100000000000000000000000000000000000000   000000000000000000000000004        170192477882     
0010001300010U 060000000000011450000000000000000000000000000000000000000000000000000000566150000000000566150000000000000000000000000000000207202503072025            000000000000000                              000                           
0010001300011T 0601897X0000000092096 24778822500000487   700000000000048704072025000000000029277341037500000000487                0900000000000010100000000000000000000000000000000000000   000000000000000000000000004        170192477882     
0010001300012U 060000000000000000000000000000000000000000000000000000000000000000000000292770000000000292770000000000000000000000000000000207202503072025            000000000000000                              000                           
0010001300013T 0601897X0000000092096 24778822500001069   700000000000106930062025000000000029276341000070000001069                0900000000000010100000000000000000000000000000000000000   000000000000000000000000004        170192477882     
0010001300014U 060000000000006040000000000000000000000000000000000000000000000000000000298800000000000298800000000000000000000000000000000207202503072025            000000000000000                              000                           
0010001300015T 0601897X0000000092096 24778822500001234   700000000000123431072025000000000025116341000140000001234                0900000000000010100000000000000000000000000000000000000   000000000000000000000000004        170192477882     
0010001300016U 060000000000000000000000000000000000000000000000000000000000000000000000251160000000000251160000000000000000000000000000000207202503072025            000000000000000                              000                           
0010001300017T 0601897X0000000092096 24778822500001343   700000000000134330062025000000000022280033037070000001343                0900000000000010100000000000000000000000000000000000000   000000000000000000000000004        170192477882     
0010001300018U 060000000000004590000000000000000000000000000000000000000000000000000000227390000000000227390000000000000000000000000000000207202503072025            000000000000000                              000                           
0010001300019T 0601897X0000000092096 24778822500001431   700000000000143130062025000000000021656341007960000001431                0900000000000010100000000000000000000000000000000000000   000000000000000000000000004        170192477882     
0010001300020U 060000000000004470000000000000000000000000000000000000000000000000000000221030000000000221030000000000000000000000000000000207202503072025            000000000000000                              000                           
0010001300021T 0601897X0000000092096 24778822500001432   700000000000143231072025000000000021657341007960000001432                0900000000000010100000000000000000000000000000000000000   000000000000000000000000004        170192477882     
0010001300022U 060000000000000000000000000000000000000000000000000000000000000000000000216570000000000216570000000000000000000000000000000207202503072025            000000000000000                              000                           
0010001300023T 0601897X0000000092096 24778822500001528   700000000000152815072025000000000026500509000010000001528                0900000000000010100000000000000000000000000000000000000   000000000000000000000000004        170192477882     
0010001300024U 060000000000000000000000000000000000000000000000000000000000000000000000265000000000000265000000000000000000000000000000000207202503072025            000000000000000                              000                           
0010001300025T 0601897X0000000092096 24778822500001529   700000000000152931072025000000000026501509000010000001529                0900000000000010100000000000000000000000000000000000000   000000000000000000000000004        170192477882     
0010001300026U 060000000000000000000000000000000000000000000000000000000000000000000000265010000000000265010000000000000000000000000000000207202503072025            000000000000000                              000                           
0010001300027T 0601897X0000000092096 24778822500001582   700000000000158204072025000000000025373341078900000001582                0900000000000010100000000000000000000000000000000000000   000000000000000000000000004        170192477882     
0010001300028U 060000000000000000000000000000000000000000000000000000000000000000000000253730000000000253730000000000000000000000000000000207202503072025            000000000000000                              000                           
0010001300029T 0601897X0000000092096 24778822500001633   700000000000163330062025000000000024397756048020000001633                0900000000000010100000000000000000000000000000000000000   000000000000000000000000004        170192477882     
0010001300030U 060000000000005030000000000000000000000000000000000000000000000000000000249000000000000249000000000000000000000000000000000207202503072025            000000000000000                              000                           
0010001300031T 0601897X0000000092096 24778822500001975   700000000000197530062025000000000020140001009903000001975                0900000000000010040000000000000000000000000000000000000   000000000000000000000000034        170192477882     
0010001300032U 060000000000004150000000000000000000000000000000000000000000000000000000205550000000000205550000000000000000000000000000000207202503072025            000000000000000                              000                           
0010001300033T 0601897X0000000092096 24778822500002648   700000000000264830062025000000000021559756082700000002648                0900000000000010100000000000000000000000000000000000000   000000000000000000000000004        170192477882     
0010001300034U 060000000000004450000000000000000000000000000000000000000000000000000000220040000000000220040000000000000000000000000000000207202503072025            000000000000000                              000                           
0010001300035T 0601897X0000000092096 24778822500003224   700000000000322431072025000000000020151341044580000003224                0900000000000010100000000000000000000000000000000000000   000000000000000000000000004        170192477882     
0010001300036U 060000000000000000000000000000000000000000000000000000000000000000000000201510000000000201510000000000000000000000000000000207202503072025            000000000000000                              000                           
0010001300037T 0601897X0000000092096 24778822500003644   700000000000364430062025000000000568144237033710000003644                0900000000000010100000000000000000000000000000000000000   000000000000000000000000004        170192477882     
0010001300038U 060000000000117400000000000000000000000000000000000000000000000000000005798840000000005798840000000000000000000000000000000207202503072025            000000000000000                              000                           
0010001300039T 0601897X0000000092096 24778822500003819   700000000000381930062025000000000281055033002070000003819                0900000000000010100000000000000000000000000000000000000   000000000000000000000000004        170192477882     
0010001300040U 060000000000058080000000000000000000000000000000000000000000000000000002868630000000002868630000000000000000000000000000000207202503072025            000000000000000                              000                           
0010001300041T 0601897X0000000092096 24778822500004156   700000000000415631072025000000000173184341042780000004156                0900000000000010100000000000000000000000000000000000000   000000000000000000000000004        170192477882     
0010001300042U 060000000000000000000000000000000000000000000000000000000000000000000001731840000000001731840000000000000000000000000000000207202503072025            000000000000000                              000                           
0010001300043T 0601897X0000000092096 24778822500004239   700000000000423930062025000000000152785341048070000004239                0900000000000010100000000000000000000000000000000000000   000000000000000000000000004        170192477882     
0010001300044U 060000000000031560000000000000000000000000000000000000000000000000000001559410000000001559410000000000000000000000000000000207202503072025            000000000000000                              000                           
0010001300045T 0601897X0000000092096 24778822500004240   700000000000424031072025000000000152787752000010000004240                0900000000000010100000000000000000000000000000000000000   000000000000000000000000004        170192477882     
0010001300046U 060000000000000000000000000000000000000000000000000000000000000000000001527870000000001527870000000000000000000000000000000207202503072025            000000000000000                              000                           
0010001300047T 0601897X0000000092096 24778822500004241   700000000000424129082025000000000152787752000010000004241                0900000000000010100000000000000000000000000000000000000   000000000000000000000000004        170192477882     
0010001300048U 060000000000000000000000000000000000000000000000000000000000000000000001527870000000001527870000000000000000000000000000000207202503072025            000000000000000                              000                           
0010001300049T 0601897X0000000092096 24778822500004242   700000000000424230092025000000000152787752000010000004242                0900000000000010100000000000000000000000000000000000000   000000000000000000000000004        170192477882     
0010001300050U 060000000000000000000000000000000000000000000000000000000000000000000001527870000000001527870000000000000000000000000000000207202503072025            000000000000000                              000                           
0010001300051T 0601897X0000000092096 24778822500004243   700000000000424331102025000000000152787752000010000004243                0900000000000010100000000000000000000000000000000000000   000000000000000000000000004        170192477882     
0010001300052U 060000000000000000000000000000000000000000000000000000000000000000000001527870000000001527870000000000000000000000000000000207202503072025            000000000000000                              000                           
0010001300053T 0601897X0000000092096 24778822500004244   700000000000424428112025000000000152787752000010000004244                0900000000000010100000000000000000000000000000000000000   000000000000000000000000004        170192477882     
0010001300054U 060000000000000000000000000000000000000000000000000000000000000000000001527870000000001527870000000000000000000000000000000207202503072025            000000000000000                              000                           
0010001300055T 0601897X0000000092096 24778822500004245   700000000000424519122025000000000152787752000010000004245                0900000000000010100000000000000000000000000000000000000   000000000000000000000000004        170192477882     
0010001300056U 060000000000000000000000000000000000000000000000000000000000000000000001527870000000001527870000000000000000000000000000000207202503072025            000000000000000                              000                           
0010001300057T 0601897X0000000092096 24778822500004568   700000000000456804072025000000000104465001031410000004568                0900000000000010010000000000000000000000000000000000000   000000000000000000000000032        170192477882     
0010001300058U 060000000000000000000000000000000000000000000000000000000000000000000001044650000000001044650000000000000000000000000000000207202503072025            000000000000000                              000                           
0010001300059T 0601897X0000000092096 24778822500004610   700000000000461030062025000000000100279341048070000004610                0900000000000010100000000000000000000000000000000000000   000000000000000000000000004        170192477882     
0010001300060U 060000000000020710000000000000000000000000000000000000000000000000000001023500000000001023500000000000000000000000000000000207202503072025            000000000000000                              000                           
0010001300061T 0601897X0000000092096 24778822500004611   700000000000461131072025000000000100276752000010000004611                0900000000000010100000000000000000000000000000000000000   000000000000000000000000004        170192477882     
0010001300062U 060000000000000000000000000000000000000000000000000000000000000000000001002760000000001002760000000000000000000000000000000207202503072025            000000000000000                              000                           
0010001300063T 0601897X0000000092096 24778822500004612   700000000000461229082025000000000100276752000010000004612                0900000000000010100000000000000000000000000000000000000   000000000000000000000000004        170192477882     
0010001300064U 060000000000000000000000000000000000000000000000000000000000000000000001002760000000001002760000000000000000000000000000000207202503072025            000000000000000                              000                           
0010001300065T 0601897X0000000092096 24778822500004613   700000000000461330092025000000000100276752000010000004613                0900000000000010100000000000000000000000000000000000000   000000000000000000000000004        170192477882     
0010001300066U 060000000000000000000000000000000000000000000000000000000000000000000001002760000000001002760000000000000000000000000000000207202503072025            000000000000000                              000                           
0010001300067T 0601897X0000000092096 24778822500004614   700000000000461431102025000000000100276752000010000004614                0900000000000010100000000000000000000000000000000000000   000000000000000000000000004        170192477882     
0010001300068U 060000000000000000000000000000000000000000000000000000000000000000000001002760000000001002760000000000000000000000000000000207202503072025            000000000000000                              000                           
0010001300069T 0601897X0000000092096 24778822500004615   700000000000461528112025000000000100276752000010000004615                0900000000000010100000000000000000000000000000000000000   000000000000000000000000004        170192477882     
0010001300070U 060000000000000000000000000000000000000000000000000000000000000000000001002760000000001002760000000000000000000000000000000207202503072025            000000000000000                              000                           
0010001300071T 0601897X0000000092096 24778822500004616   700000000000461619122025000000000100276752000010000004616                0900000000000010100000000000000000000000000000000000000   000000000000000000000000004        170192477882     
0010001300072U 060000000000000000000000000000000000000000000000000000000000000000000001002760000000001002760000000000000000000000000000000207202503072025            000000000000000                              000                           
0010001300073T 0601897X0000000092096 24778822500007585   700000000000758530062025000000000023260341074700000007585                0900000000000010100000000000000000000000000000000000000   000000000000000000000000004        170192477882     
0010001300074U 060000000000004800000000000000000000000000000000000000000000000000000000237400000000000237400000000000000000000000000000000207202503072025            000000000000000                              000                           
0010001300075T 0601897X0000000092096 24778829000008636   7000008636      30062025000000000048080341007960000008636                0900000000000010100000000000000000000000000000000000000   000000000000000000000000004        170192477882     
0010001300076U 060000000000009930000000000000000000000000000000000000000000000000000000490730000000000490730000000000000000000000000000000207202503072025            000000000000000                              000                           
0010001300077T 0601897X0000000092096 24778829000008644   7000008644      30062025000000000060242341074700000008644                0900000000000010100000000000000000000000000000000000000   000000000000000000000000004        170192477882     
0010001300078U 060000000000012440000000000000000000000000000000000000000000000000000000614860000000000614860000000000000000000000000000000207202503072025            000000000000000                              000                           
0010001300079T 0601897X0000000092096 24778829000008656   7000008656      02072025000000000086063341015630000008656                0900000000000010100000000000000000000000000000000000000   000000000000000000000000004        170192477882     
0010001300080U 060000000000000000000000000000000000000000000000000000000000000000000000860630000000000860630000000000000000000000000000000207202503072025            000000000000000                              000                           
0010001300081T 0901897X0000000092096 24778822500000048   700000000000004830062025000000000296318001001678000000048                0900000000000000000000000000000000000000000000000000000   000000000000000000000039010        170192477882     
0010001300082U 090000000000000000000000000000000000000000000000000000000000000000000000000000000000000000000000000000000000000000000000000207202500000000            000000000000000                              000                           
0010001300083T 1401897X0000000092096 24778822500000057   700000000000005704072025000000000256758001004596000000057                0900000000000000000000000000000000000000000000000000000   000000000000000000000000000        170192477882     
0010001300084U 140000000000000000000000000000000000000000000000000000000000000000000000000000000000000000000000000000000000000000000000000207202500000000            000000000000000                              000                           
0010001300085T 1401897X0000000092096 24778822500000081   70000000000000811107202500000000018394800100216X000000081                0900000000000000000000000000000000000000000000000000000   000000000000000000000000000        170192477882     
0010001300086U 140000000000000000000000000000000000000000000000000000000000000000000000000000000000000000000000000000000000000000000000000207202500000000            000000000000000                              000                           
0010001300087T 1401897X0000000092096 24778822500000118   70000000000001181107202500000000012417300101849X000000118                0900000000000000000000000000000000000000000000000000000   000000000000000000000000000        170192477882     
0010001300088U 140000000000000000000000000000000000000000000000000000000000000000000000000000000000000000000000000000000000000000000000000207202500000000            000000000000000                              000                           
0010001300089T 1401897X0000000092096 24778822500000124   700000000000012404072025000000000118044001003018000000124                0900000000000000000000000000000000000000000000000000000   000000000000000000000000000        170192477882     
0010001300090U 140000000000000000000000000000000000000000000000000000000000000000000000000000000000000000000000000000000000000000000000000207202500000000            000000000000000                              000                           
0010001300091T 1401897X0000000092096 24778822500000188   700000000000018804072025000000000071226001023248000000188                0900000000000000000000000000000000000000000000000000000   000000000000000000000000000        170192477882     
0010001300092U 140000000000000000000000000000000000000000000000000000000000000000000000000000000000000000000000000000000000000000000000000207202500000000            000000000000000                              000                           
0010001300093T 1401897X0000000092096 24778822500000382   700000000000038211072025000000000034651001023248000000382                0900000000000000000000000000000000000000000000000000000   000000000000000000000000000        170192477882     
0010001300094U 140000000000000000000000000000000000000000000000000000000000000000000000000000000000000000000000000000000000000000000000000207202500000000            000000000000000                              000                           
0010001300095T 1401897X0000000092096 24778822500000563   700000000000056321072025000000000027632001023248000000563                0900000000000000000000000000000000000000000000000000000   000000000000000000000000000        170192477882     
0010001300096U 140000000000000000000000000000000000000000000000000000000000000000000000000000000000000000000000000000000000000000000000000207202500000000            000000000000000                              000                           
0010001300097T 1401897X0000000092096 24778822500000583   700000000000058311072025000000000026469001003409000000583                0900000000000000000000000000000000000000000000000000000   000000000000000000000000000        170192477882     
0010001300098U 140000000000000000000000000000000000000000000000000000000000000000000000000000000000000000000000000000000000000000000000000207202500000000            000000000000000                              000                           
0010001300099T 1401897X0000000092096 24778822500000704   70000000000007041107202500000000002332200100216X000000704                0900000000000000000000000000000000000000000000000000000   000000000000000000000000000        170192477882     
0010001300100U 140000000000000000000000000000000000000000000000000000000000000000000000000000000000000000000000000000000000000000000000000207202500000000            000000000000000                              000                           
0010001300101T 1401897X0000000092096 24778822500000747   700000000000074711072025000000000021972001000566000000747                0900000000000000000000000000000000000000000000000000000   000000000000000000000000000        170192477882     
0010001300102U 140000000000000000000000000000000000000000000000000000000000000000000000000000000000000000000000000000000000000000000000000207202500000000            000000000000000                              000                           
0010001300103T 1401897X0000000092096 24778822500000834   700000000000083411072025000000000018965001000760000000834                0900000000000000000000000000000000000000000000000000000   000000000000000000000000000        170192477882     
0010001300104U 140000000000000000000000000000000000000000000000000000000000000000000000000000000000000000000000000000000000000000000000000207202500000000            000000000000000                              000                           
0010001300105T 1401897X0000000092096 24778822500000967   700000000000096711072025000000000012425001009296000000967                0900000000000000000000000000000000000000000000000000000   000000000000000000000000000        170192477882     
0010001300106U 140000000000000000000000000000000000000000000000000000000000000000000000000000000000000000000000000000000000000000000000000207202500000000            000000000000000                              000                           
0010001300107T 1401897X0000000092096 24778822500001207   700000000000120721072025000000000025617001009946000001207                0900000000000000000000000000000000000000000000000000000   000000000000000000000000000        170192477882     
0010001300108U 140000000000000000000000000000000000000000000000000000000000000000000000000000000000000000000000000000000000000000000000000207202500000000            000000000000000                              000                           
0010001300109T 1401897X0000000092096 24778822500001684   700000000000168421072025000000000024160001009946000001684                0900000000000000000000000000000000000000000000000000000   000000000000000000000000000        170192477882     
0010001300110U 140000000000000000000000000000000000000000000000000000000000000000000000000000000000000000000000000000000000000000000000000207202500000000            000000000000000                              000                           
0010001300111T 1401897X0000000092096 24778822500001717   70000000000017171107202500000000002377700101513X000001717                0900000000000000000000000000000000000000000000000000000   000000000000000000000000000        170192477882     
0010001300112U 140000000000000000000000000000000000000000000000000000000000000000000000000000000000000000000000000000000000000000000000000207202500000000            000000000000000                              000                           
0010001300113T 1401897X0000000092096 24778822500001753   700000000000175311072025000000000023368001004596000001753                0900000000000000000000000000000000000000000000000000000   000000000000000000000000000        170192477882     
0010001300114U 140000000000000000000000000000000000000000000000000000000000000000000000000000000000000000000000000000000000000000000000000207202500000000            000000000000000                              000                           
0010001300115T 1401897X0000000092096 24778822500001828   700000000000182811072025000000000022235001003409000001828                0900000000000000000000000000000000000000000000000000000   000000000000000000000000000        170192477882     
0010001300116U 140000000000000000000000000000000000000000000000000000000000000000000000000000000000000000000000000000000000000000000000000207202500000000            000000000000000                              000                           
0010001300117T 1401897X0000000092096 24778822500002102   700000000000210211072025000000000023056001005789000002102                0900000000000000000000000000000000000000000000000000000   000000000000000000000000000        170192477882     
0010001300118U 140000000000000000000000000000000000000000000000000000000000000000000000000000000000000000000000000000000000000000000000000207202500000000            000000000000000                              000                           
0010001300119T 1401897X0000000092096 24778822500002568   700000000000256811072025000000000022444001006998000002568                0900000000000000000000000000000000000000000000000000000   000000000000000000000000000        170192477882     
0010001300120U 140000000000000000000000000000000000000000000000000000000000000000000000000000000000000000000000000000000000000000000000000207202500000000            000000000000000                              000                           
0010001300121T 1401897X0000000092096 24778822500002929   700000000000292911072025000000000022123001003018000002929                0900000000000000000000000000000000000000000000000000000   000000000000000000000000000        170192477882     
0010001300122U 140000000000000000000000000000000000000000000000000000000000000000000000000000000000000000000000000000000000000000000000000207202500000000            000000000000000                              000                           
0010001300123T 1401897X0000000092096 24778822500003097   700000000000309711072025000000000021151001001724000003097                0900000000000000000000000000000000000000000000000000000   000000000000000000000000000        170192477882     
0010001300124U 140000000000000000000000000000000000000000000000000000000000000000000000000000000000000000000000000000000000000000000000000207202500000000            000000000000000                              000                           
0010001300125T 1401897X0000000092096 24778822500004141   700000000000414111072025000000000176654001003409000004141                0900000000000000000000000000000000000000000000000000000   000000000000000000000000000        170192477882     
0010001300126U 140000000000000000000000000000000000000000000000000000000000000000000000000000000000000000000000000000000000000000000000000207202500000000            000000000000000                              000                           
0010001300127T 1401897X0000000092096 24778822500004512   700000000000451211072025000000000108741001001724000004512                0900000000000000000000000000000000000000000000000000000   000000000000000000000000000        170192477882     
0010001300128U 140000000000000000000000000000000000000000000000000000000000000000000000000000000000000000000000000000000000000000000000000207202500000000            000000000000000                              000                           
0010001300129T 1401897X0000000092096 24778822500004631   700000000000463111072025000000000096614001004561000004631                0900000000000000000000000000000000000000000000000000000   000000000000000000000000000        170192477882     
0010001300130U 140000000000000000000000000000000000000000000000000000000000000000000000000000000000000000000000000000000000000000000000000207202500000000            000000000000000                              000                           
0010001300131T 1401897X0000000092096 24778822500004652   700000000000465211072025000000000095673001004596000004652                0900000000000000000000000000000000000000000000000000000   000000000000000000000000000        170192477882     
0010001300132U 140000000000000000000000000000000000000000000000000000000000000000000000000000000000000000000000000000000000000000000000000207202500000000            000000000000000                              000                           
0010001300133T 1401897X0000000092096 24778822500005016   700000000000501611072025000000000073942001001724000005016                0900000000000000000000000000000000000000000000000000000   000000000000000000000000000        170192477882     
0010001300134U 140000000000000000000000000000000000000000000000000000000000000000000000000000000000000000000000000000000000000000000000000207202500000000            000000000000000                              000                           
0010001300135T 1401897X0000000092096 24778822500005030   700000000000503011072025000000000073337001043036000005030                0900000000000000000000000000000000000000000000000000000   000000000000000000000000000        170192477882     
0010001300136U 140000000000000000000000000000000000000000000000000000000000000000000000000000000000000000000000000000000000000000000000000207202500000000            000000000000000                              000                           
0010001300137T 1401897X0000000092096 24778822500005387   700000000000538711072025000000000059291001023248000005387                0900000000000000000000000000000000000000000000000000000   000000000000000000000000000        170192477882     
0010001300138U 140000000000000000000000000000000000000000000000000000000000000000000000000000000000000000000000000000000000000000000000000207202500000000            000000000000000                              000                           
0010001300139T 1401897X0000000092096 24778822500005814   700000000000581411072025000000000046333001004154000005814                0900000000000000000000000000000000000000000000000000000   000000000000000000000000000        170192477882     
0010001300140U 140000000000000000000000000000000000000000000000000000000000000000000000000000000000000000000000000000000000000000000000000207202500000000            000000000000000                              000                           
0010001300141T 1401897X0000000092096 24778822500005898   700000000000589811072025000000000043914001008966000005898                0900000000000000000000000000000000000000000000000000000   000000000000000000000000000        170192477882     
0010001300142U 140000000000000000000000000000000000000000000000000000000000000000000000000000000000000000000000000000000000000000000000000207202500000000            000000000000000                              000                           
0010001300143T 1401897X0000000092096 24778822500006675   700000000000667511072025000000000033148001000760000006675                0900000000000000000000000000000000000000000000000000000   000000000000000000000000000        170192477882     
0010001300144U 140000000000000000000000000000000000000000000000000000000000000000000000000000000000000000000000000000000000000000000000000207202500000000            000000000000000                              000                           
0010001300145T 1401897X0000000092096 24778822500007788   700000000000778811072025000000000021278001001724000007788                0900000000000000000000000000000000000000000000000000000   000000000000000000000000000        170192477882     
0010001300146U 140000000000000000000000000000000000000000000000000000000000000000000000000000000000000000000000000000000000000000000000000207202500000000            000000000000000                              000                           
00100015         000148006751000000018469772710000000000000000000000000000000000000000000000000000000000000000000000000000000000000000000000000000                                                                                              
00199999         000001000150000000                                                                                                                                                            00000000000000000000000000000                    
