00100000         2115139610001160024778820014       01897X0000000092096 FUNDACAO AGENCIA DAS BACIAS HIBANCO DO BRASIL                         22507202501470900615303000000829973081PROCESSAMEN                                                 
00100011T0100020 20115139610001160024778820014       01897X0000000092096 FUNDACAO AGENCIA DAS BACIAS HI                                                                                000000002507202500000000  000000000                      
0010001300001T 0201897X0000000092096 24778829000008716   7000008716      3107202500000000007087800101849X000008716                0900000000000010500000000000000000000000000000000000000   0000000000000000000000519A9A4      170192477882     
0010001300002U 020000000000000000000000000000000000000000000000000000000000000000000000000000000000000000000000000000000000000000000000002507202500000000            000000000000000                              000                           
0010001300003T 0601897X0000000092096 24778822500000512   700000000000051225072025000000000029277033035470000000512                0900000000000010100000000000000000000000000000000000000   000000000000000000000000004        170192477882     
0010001300004U 060000000000000000000000000000000000000000000000000000000000000000000000292770000000000292770000000000000000000000000000002507202528072025            000000000000000                              000                           
0010001300005T 0601897X0000000092096 24778822500000545   700000000000054530062025000000000028259748051530000000545                0900000000000010100000000000000000000000000000000000000   000000000000000000000000004        170192477882     
0010001300006U 060000000000008000000000000000000000000000000000000000000000000000000000290590000000000290590000000000000000000000000000002507202528072025            000000000000000                              000                           
0010001300007T 0601897X0000000092096 24778822500001213   700000000000121325072025000000000025555001024279000001213                0900000000000010060000000000000000000000000000000000000   000000000000000000000000033        170192477882     
0010001300008U 060000000000000000000000000000000000000000000000000000000000000000000000255550000000000255550000000000000000000000000000002507202528072025            000000000000000                              000                           
0010001300009T 0601897X0000000092096 24778822500001337   700000000000133725072025000000000022489237010990000001337                0900000000000010100000000000000000000000000000000000000   000000000000000000000000004        170192477882     
0010001300010U 060000000000000000000000000000000000000000000000000000000000000000000000224890000000000224890000000000000000000000000000002507202528072025            000000000000000                              000                           
0010001300011T 0601897X0000000092096 24778822500001512   700000000000151231072025000000000020335755013060000001512                0900000000000010100000000000000000000000000000000000000   000000000000000000000000004        170192477882     
0010001300012U 060000000000000000000000000000000000000000000000000000000000000000000000203350000000000203350000000000000000000000000000002507202528072025            000000000000000                              000                           
0010001300013T 0601897X0000000092096 24778822500001820   700000000000182031072025000000000022446341023500000001820                0900000000000010100000000000000000000000000000000000000   000000000000000000000000004        170192477882     
0010001300014U 060000000000000000000000000000000000000000000000000000000000000000000000224460000000000224460000000000000000000000000000002507202528072025            000000000000000                              000                           
0010001300015T 0601897X0000000092096 24778822500002403   700000000000240331072025000000000020494104039660000002403                0900000000000010100000000000000000000000000000000000000   000000000000000000000000004        170192477882     
0010001300016U 060000000000000000000000000000000000000000000000000000000000000000000000204940000000000204940000000000000000000000000000002507202528072025            000000000000000                              000                           
0010001300017T 0601897X0000000092096 24778822500003637   700000000000363725072025000000000581791341009120000003637                0900000000000010100000000000000000000000000000000000000   000000000000000000000000004        170192477882     
0010001300018U 060000000000000000000000000000000000000000000000000000000000000000000005817910000000005817910000000000000000000000000000002507202528072025            000000000000000                              000                           
0010001300019T 0601897X0000000092096 24778822500004295   700000000000429525072025000000000138543341040050000004295                0900000000000010100000000000000000000000000000000000000   000000000000000000000000004        170192477882     
0010001300020U 060000000000000000000000000000000000000000000000000000000000000000000001385430000000001385430000000000000000000000000000002507202528072025            000000000000000                              000                           
0010001300021T 0601897X0000000092096 24778822500004359   700000000000435931072025000000000125471237020020000004359                0900000000000010100000000000000000000000000000000000000   000000000000000000000000004        170192477882     
0010001300022U 060000000000000000000000000000000000000000000000000000000000000000000001254710000000001254710000000000000000000000000000002507202528072025            000000000000000                              000                           
0010001300023T 0601897X0000000092096 24778822500004360   700000000000436029082025000000000125471237020020000004360                0900000000000010100000000000000000000000000000000000000   000000000000000000000000004        170192477882     
0010001300024U 060000000000000000000000000000000000000000000000000000000000000000000001254710000000001254710000000000000000000000000000002507202528072025            000000000000000                              000                           
0010001300025T 0601897X0000000092096 24778822500004361   700000000000436130092025000000000125471237020020000004361                0900000000000010100000000000000000000000000000000000000   000000000000000000000000004        170192477882     
0010001300026U 060000000000000000000000000000000000000000000000000000000000000000000001254710000000001254710000000000000000000000000000002507202528072025            000000000000000                              000                           
0010001300027T 0601897X0000000092096 24778822500004362   700000000000436231102025000000000125471237020020000004362                0900000000000010100000000000000000000000000000000000000   000000000000000000000000004        170192477882     
0010001300028U 060000000000000000000000000000000000000000000000000000000000000000000001254710000000001254710000000000000000000000000000002507202528072025            000000000000000                              000                           
0010001300029T 0601897X0000000092096 24778822500004363   700000000000436328112025000000000125471237020020000004363                0900000000000010100000000000000000000000000000000000000   000000000000000000000000004        170192477882     
0010001300030U 060000000000000000000000000000000000000000000000000000000000000000000001254710000000001254710000000000000000000000000000002507202528072025            000000000000000                              000                           
0010001300031T 0601897X0000000092096 24778822500004364   700000000000436419122025000000000125471237020020000004364                0900000000000010100000000000000000000000000000000000000   000000000000000000000000004        170192477882     
0010001300032U 060000000000000000000000000000000000000000000000000000000000000000000001254710000000001254710000000000000000000000000000002507202528072025            000000000000000                              000                           
0010001300033T 0601897X0000000092096 24778822500004463   700000000000446325072025000000000113955104003340000004463                0900000000000010100000000000000000000000000000000000000   000000000000000000000000004        170192477882     
0010001300034U 060000000000000000000000000000000000000000000000000000000000000000000001139550000000001139550000000000000000000000000000002507202528072025            000000000000000                              000                           
0010001300035T 0601897X0000000092096 24778822500004758   700000000000475831072025000000000086719237002150000004758                0900000000000010100000000000000000000000000000000000000   000000000000000000000000004        170192477882     
0010001300036U 060000000000000000000000000000000000000000000000000000000000000000000000867190000000000867190000000000000000000000000000002507202528072025            000000000000000                              000                           
0010001300037T 0601897X0000000092096 24778822500005142   700000000000514225072025000000000066918341031000000005142                0900000000000010100000000000000000000000000000000000000   000000000000000000000000004        170192477882     
0010001300038U 060000000000000000000000000000000000000000000000000000000000000000000000669180000000000669180000000000000000000000000000002507202528072025            000000000000000                              000                           
0010001300039T 0601897X0000000092096 24778822500005409   700000000000540931072025000000000058731033001780000005409                0900000000000010100000000000000000000000000000000000000   000000000000000000000000004        170192477882     
0010001300040U 060000000000000000000000000000000000000000000000000000000000000000000000587310000000000587310000000000000000000000000000002507202528072025            000000000000000                              000                           
0010001300041T 0601897X0000000092096 24778822500005661   700000000000566131072025000000000050907001026565000005661                0900000000000010040000000000000000000000000000000000000   000000000000000000000000034        170192477882     
0010001300042U 060000000000000000000000000000000000000000000000000000000000000000000000509070000000000509070000000000000000000000000000002507202528072025            000000000000000                              000                           
0010001300043T 0601897X0000000092096 24778822500005871   700000000000587131072025000000000045046341029290000005871                0900000000000010100000000000000000000000000000000000000   000000000000000000000000004        170192477882     
0010001300044U 060000000000000000000000000000000000000000000000000000000000000000000000450460000000000450460000000000000000000000000000002507202528072025            000000000000000                              000                           
0010001300045T 0601897X0000000092096 24778822500005884   700000000000588425072025000000000044316341062600000005884                0900000000000010100000000000000000000000000000000000000   000000000000000000000000004        170192477882     
0010001300046U 060000000000000000000000000000000000000000000000000000000000000000000000443160000000000443160000000000000000000000000000002507202528072025            000000000000000                              000                           
0010001300047T 0601897X0000000092096 24778822500006024   700000000000602425072025000000000041823509000010000006024                0900000000000010100000000000000000000000000000000000000   000000000000000000000000004        170192477882     
0010001300048U 060000000000000000000000000000000000000000000000000000000000000000000000418230000000000418230000000000000000000000000000002507202528072025            000000000000000                              000                           
0010001300049T 0601897X0000000092096 24778822500006304   700000000000630425072025000000000037644341001900000006304                0900000000000010100000000000000000000000000000000000000   000000000000000000000000004        170192477882     
0010001300050U 060000000000000000000000000000000000000000000000000000000000000000000000376440000000000376440000000000000000000000000000002507202528072025            000000000000000                              000                           
0010001300051T 0601897X0000000092096 24778822500006459   700000000000645931072025000000000035341748050300000006459                0900000000000010100000000000000000000000000000000000000   000000000000000000000000004        170192477882     
0010001300052U 060000000000000000000000000000000000000000000000000000000000000000000000353410000000000353410000000000000000000000000000002507202528072025            000000000000000                              000                           
0010001300053T 0601897X0000000092096 24778822500006620   700000000000662031072025000000000033459756081450000006620                0900000000000010100000000000000000000000000000000000000   000000000000000000000000004        170192477882     
0010001300054U 060000000000000000000000000000000000000000000000000000000000000000000000334590000000000334590000000000000000000000000000002507202528072025            000000000000000                              000                           
0010001300055T 0601897X0000000092096 24778822500006879   700000000000687931072025000000000031368033032440000006879                0900000000000010100000000000000000000000000000000000000   000000000000000000000000004        170192477882     
0010001300056U 060000000000000000000000000000000000000000000000000000000000000000000000313680000000000313680000000000000000000000000000002507202528072025            000000000000000                              000                           
0010001300057T 0601897X0000000092096 24778822500006956   700000000000695631072025000000000030197237003160000006956                0900000000000010100000000000000000000000000000000000000   000000000000000000000000004        170192477882     
0010001300058U 060000000000000000000000000000000000000000000000000000000000000000000000301970000000000301970000000000000000000000000000002507202528072025            000000000000000                              000                           
0010001300059T 0601897X0000000092096 24778822500007110   700000000000711031072025000000000028965104002780000007110                0900000000000010100000000000000000000000000000000000000   000000000000000000000000004        170192477882     
0010001300060U 060000000000000000000000000000000000000000000000000000000000000000000000289650000000000289650000000000000000000000000000002507202528072025            000000000000000                              000                           
0010001300061T 0601897X0000000092096 24778822500007481   700000000000748131072025000000000024467341004670000007481                0900000000000010100000000000000000000000000000000000000   000000000000000000000000004        170192477882     
0010001300062U 060000000000000000000000000000000000000000000000000000000000000000000000244670000000000244670000000000000000000000000000002507202528072025            000000000000000                              000                           
0010001300063T 0601897X0000000092096 24778822500007655   700000000000765525072025000000000022534237004530000007655                0900000000000010100000000000000000000000000000000000000   000000000000000000000000004        170192477882     
0010001300064U 060000000000000000000000000000000000000000000000000000000000000000000000225340000000000225340000000000000000000000000000002507202528072025            000000000000000                              000                           
0010001300065T 0601897X0000000092096 24778822500007985   700000000000798531072025000000000020469237025610000007985                0900000000000010100000000000000000000000000000000000000   000000000000000000000000004        170192477882     
0010001300066U 060000000000000000000000000000000000000000000000000000000000000000000000204690000000000204690000000000000000000000000000002507202528072025            000000000000000                              000                           
0010001300067T 0601897X0000000092096 24778829000008714   7000008714      31072025000000000020451341084990000008714                0900000000000010100000000000000000000000000000000000000   000000000000000000000000004        170192477882     
0010001300068U 060000000000000000000000000000000000000000000000000000000000000000000000204510000000000204510000000000000000000000000000002507202528072025            000000000000000                              000                           
0010001300069T 1401897X0000000092096 24778822500005478   70000000000054782807202500000000005688600101849X000005478                0900000000000000000000000000000000000000000000000000000   000000000000000000000000000        170192477882     
0010001300070U 140000000000000000000000000000000000000000000000000000000000000000000000000000000000000000000000000000000000000000000000002507202500000000            000000000000000                              000                           
0010001300071T 1401897X0000000092096 24778829000008710   7000008710      08082025000000000175509001069833000008710                0900000000000000000000000000000000000000000000000000000   000000000000000000000000000        170192477882     
0010001300072U 140000000000000000000000000000000000000000000000000000000000000000000000000000000000000000000000000000000000000000000000002507202500000000            000000000000000                              000                           
0010001300073T 1401897X0000000092096 24778829000008711   7000008711      08082025000000000141458001007994000008711                0900000000000000000000000000000000000000000000000000000   000000000000000000000000000        170192477882     
0010001300074U 140000000000000000000000000000000000000000000000000000000000000000000000000000000000000000000000000000000000000000000000002507202500000000            000000000000000                              000                           
0010001300075T 1401897X0000000092096 24778829000008712   7000008712      08082025000000000080236001000566000008712                0900000000000000000000000000000000000000000000000000000   000000000000000000000000000        170192477882     
0010001300076U 140000000000000000000000000000000000000000000000000000000000000000000000000000000000000000000000000000000000000000000000002507202500000000            000000000000000                              000                           
0010001300077T 1401897X0000000092096 24778829000008713   7000008713      0808202500000000008023600101849X000008713                0900000000000000000000000000000000000000000000000000000   000000000000000000000000000        170192477882     
0010001300078U 140000000000000000000000000000000000000000000000000000000000000000000000000000000000000000000000000000000000000000000000002507202500000000            000000000000000                              000                           
00100015         000080006324000000017008547160000000000000000000000000000000000000000000000000000000000000000000000000000000000000000000000000000                                                                                              
00199999         000001000082000000                                                                                                                                                            00000000000000000000000000000                    
