00100000         2115139610001160024778820014       01897X0000000092096 FUNDACAO AGENCIA DAS BACIAS HIBANCO DO BRASIL                         23103202502233600600103000000829973081PROCESSAMEN                                                 
00100011T0100020 20115139610001160024778820014       01897X0000000092096 FUNDACAO AGENCIA DAS BACIAS HI                                                                                000000003103202500000000  000000000                      
0010001300001T 0601897X0000000092096 24778829000008117   7000008117      31032025000000000201277341091830000008117                0900000000000010100000000000000000000000000000000000000   000000000000000000000000004        170192477882     
0010001300002U 060000000000000000000000000000000000000000000000000000000000000000000002012770000000002012770000000000000000000000000000003103202501042025            000000000000000                              000                           
0010001300003T 0601897X0000000092096 24778829000008189   7000008189      31032025000000000371250655000010000008189                0900000000000010100000000000000000000000000000000000000   000000000000000000000000004        170192477882     
0010001300004U 060000000000000000000000000000000000000000000000000000000000000000000003712500000000003712500000000000000000000000000000003103202501042025            000000000000000                              000                           
0010001300005T 0601897X0000000092096 24778829000008290   7000008290      31032025000000000078409341000500000008290                0900000000000010100000000000000000000000000000000000000   000000000000000000000000004        170192477882     
0010001300006U 060000000000000000000000000000000000000000000000000000000000000000000000784090000000000784090000000000000000000000000000003103202501042025            000000000000000                              000                           
0010001300007T 0601897X0000000092096 24778829000008303   7000008303      31032025000000000053035237033710000008303                0900000000000010100000000000000000000000000000000000000   000000000000000000000000004        170192477882     
0010001300008U 060000000000000000000000000000000000000000000000000000000000000000000000530350000000000530350000000000000000000000000000003103202501042025            000000000000000                              000                           
0010001300009T 0601897X0000000092096 24778829000008422   7000008422      31032025000000009000000104003410000008422                0900000000000010100000000000000000000000000000000000000   000000000000000000000000004        170192477882     
0010001300010U 060000000000000000000000000000000000000000000000000000000000000000000090000000000000090000000000000000000000000000000000003103202501042025            000000000000000                              000                           
0010001300011T 0601897X0000000092096 24778829000008428   7000008428      31032025000000001970464104019380000008428                0900000000000010100000000000000000000000000000000000000   000000000000000000000000004        170192477882     
0010001300012U 060000000000000000000000000000000000000000000000000000000000000000000019704640000000019704640000000000000000000000000000003103202501042025            000000000000000                              000                           
0010001300013T 0601897X0000000092096 24778829000008462   7000008462      31032025000000000051722237003220000008462                0900000000000010100000000000000000000000000000000000000   000000000000000000000000004        170192477882     
0010001300014U 060000000000000000000000000000000000000000000000000000000000000000000000517220000000000517220000000000000000000000000000003103202501042025            000000000000000                              000                           
0010001300015T 0601897X0000000092096 24778829000008494   7000008494      31032025000000000103278341029770000008494                0900000000000010100000000000000000000000000000000000000   000000000000000000000000004        170192477882     
0010001300016U 060000000000000000000000000000000000000000000000000000000000000000000001032780000000001032780000000000000000000000000000003103202501042025            000000000000000                              000                           
0010001300017T 0601897X0000000092096 24778829000008502   7000008502      31032025000000000103480237001900000008502                0900000000000010100000000000000000000000000000000000000   000000000000000000000000004        170192477882     
0010001300018U 060000000000000000000000000000000000000000000000000000000000000000000001034800000000001034800000000000000000000000000000003103202501042025            000000000000000                              000                           
0010001300019T 0601897X0000000092096 24778829000008506   7000008506      31032025000000000211646341029760000008506                0900000000000010100000000000000000000000000000000000000   000000000000000000000000004        170192477882     
0010001300020U 060000000000000000000000000000000000000000000000000000000000000000000002116460000000002116460000000000000000000000000000003103202501042025            000000000000000                              000                           
0010001300021T 0601897X0000000092096 24778829000008510   7000008510      31032025000000001655263237025610000008510                0900000000000010100000000000000000000000000000000000000   000000000000000000000000004        170192477882     
0010001300022U 060000000000000000000000000000000000000000000000000000000000000000000016552630000000016552630000000000000000000000000000003103202501042025            000000000000000                              000                           
0010001300023T 0601897X0000000092096 24778829000008518   7000008518      31032025000000000400757033001730000008518                0900000000000010100000000000000000000000000000000000000   000000000000000000000000004        170192477882     
0010001300024U 060000000000000000000000000000000000000000000000000000000000000000000004007570000000004007570000000000000000000000000000003103202501042025            000000000000000                              000                           
00100015         000026000034000000000399724190000000000000000000000000000000000000000000000000000000000000000000000000000000000000000000000000000                                                                                              
00199999         000001000028000000                                                                                                                                                            00000000000000000000000000000                    
