00100000         2115139610001160024778820014       01897X0000000092096 FUNDACAO AGENCIA DAS BACIAS HIBANCO DO BRASIL                         21709202502031200622903000000829973081PROCESSAMEN                                                 
00100011T0100020 20115139610001160024778820014       01897X0000000092096 FUNDACAO AGENCIA DAS BACIAS HI                                                                                000000001709202500000000  000000000                      
0010001300001T 0201897X0000000092096 24778829000008912   7000008912      30092025000000000147117001003409000008912                0900000000000010500000000000000000000000000000000000000   0000000000000000000000519A9A4      170192477882     
0010001300002U 020000000000000000000000000000000000000000000000000000000000000000000000000000000000000000000000000000000000000000000000001709202500000000            000000000000000                              000                           
0010001300003T 0201897X0000000092096 24778829000008913   7000008913      30092025000000000028653001003409000008913                0900000000000010000000000000000000000000000000000000000   0000000000000000000000519A9        170192477882     
0010001300004U 020000000000000000000000000000000000000000000000000000000000000000000000000000000000000000000000000000000000000000000000001709202500000000            000000000000000                              000                           
0010001300005T 0201897X0000000092096 24778829000008914   7000008914      30092025000000000090335001004561000008914                0900000000000010500000000000000000000000000000000000000   0000000000000000000000519A9A4      170192477882     
0010001300006U 020000000000000000000000000000000000000000000000000000000000000000000000000000000000000000000000000000000000000000000000001709202500000000            000000000000000                              000                           
0010001300007T 0601897X0000000092096 24778822500003654   700000000000365430092025000000000557629745000010000003654                0900000000000010100000000000000000000000000000000000000   000000000000000000000000004        170192477882     
0010001300008U 060000000000000000000000000000000000000000000000000000000000000000000005576290000000005576290000000000000000000000000000001709202518092025            000000000000000                              000                           
0010001300009T 0601897X0000000092096 24778822500005005   700000000000500530092025000000000074837033046050000005005                0900000000000010100000000000000000000000000000000000000   000000000000000000000000004        170192477882     
0010001300010U 060000000000000000000000000000000000000000000000000000000000000000000000748370000000000748370000000000000000000000000000001709202518092025            000000000000000                              000                           
0010001300011T 0601897X0000000092096 24778822500005327   700000000000532730092025000000000061248341009420000005327                0900000000000010100000000000000000000000000000000000000   000000000000000000000000004        170192477882     
0010001300012U 060000000000000000000000000000000000000000000000000000000000000000000000612480000000000612480000000000000000000000000000001709202518092025            000000000000000                              000                           
0010001300013T 0601897X0000000092096 24778822500007763   700000000000776330092025000000000021770341000110000007763                0900000000000010100000000000000000000000000000000000000   000000000000000000000000004        170192477882     
0010001300014U 060000000000000000000000000000000000000000000000000000000000000000000000217700000000000217700000000000000000000000000000001709202518092025            000000000000000                              000                           
00100015         000016003462000000010815354420000000000000000000000000000000000000000000000000000000000000000000000000000000000000000000000000000                                                                                              
00199999         000001000018000000                                                                                                                                                            00000000000000000000000000000                    
