00100000         2115139610001160024778820014       01897X0000000092096 FUNDACAO AGENCIA DAS BACIAS HIBANCO DO BRASIL                         21607202502032300613903000000829973081PROCESSAMEN                                                 
00100011T0100020 20115139610001160024778820014       01897X0000000092096 FUNDACAO AGENCIA DAS BACIAS HI                                                                                000000001607202500000000  000000000                      
0010001300001T 0201897X0000000092096 24778829000008697   7000008697      21072025000000000276080001001724000008697                0900000000000010500000000000000000000000000000000000000   0000000000000000000000519A9A4      170192477882     
0010001300002U 020000000000000000000000000000000000000000000000000000000000000000000000000000000000000000000000000000000000000000000000001607202500000000            000000000000000                              000                           
0010001300003T 0601897X0000000092096 24778822500000121   700000000000012116072025000000000120976341009120000000121                0900000000000010100000000000000000000000000000000000000   000000000000000000000000004        170192477882     
0010001300004U 060000000000000000000000000000000000000000000000000000000000000000000001209760000000001209760000000000000000000000000000001607202517072025            000000000000000                              000                           
0010001300005T 0601897X0000000092096 24778822500000820   700000000000082030062025000000000019250422001350000000820                0900000000000010100000000000000000000000000000000000000   000000000000000000000000004        170192477882     
0010001300006U 060000000000004870000000000000000000000000000000000000000000000000000000197370000000000197370000000000000000000000000000001607202517072025            000000000000000                              000                           
0010001300007T 0601897X0000000092096 24778822500001077   700000000000107718072025000000000029276001004154000001077                0900000000000010060000000000000000000000000000000000000   000000000000000000000000033        170192477882     
0010001300008U 060000000000000000000000000000000000000000000000000000000000000000000000292760000000000292760000000000000000000000000000001607202517072025            000000000000000                              000                           
0010001300009T 0601897X0000000092096 24778822500001078   700000000000107831072025000000000029277001004154000001078                0900000000000010060000000000000000000000000000000000000   000000000000000000000000033        170192477882     
0010001300010U 060000000000000000000000000000000000000000000000000000000000000000000000292770000000000292770000000000000000000000000000001607202517072025            000000000000000                              000                           
0010001300011T 0601897X0000000092096 24778822500001104   700000000000110431072025000000000028726104002780000001104                0900000000000010100000000000000000000000000000000000000   000000000000000000000000004        170192477882     
0010001300012U 060000000000000000000000000000000000000000000000000000000000000000000000287260000000000287260000000000000000000000000000001607202517072025            000000000000000                              000                           
0010001300013T 0601897X0000000092096 24778822500002484   700000000000248431072025000000000023430237033710000002484                0900000000000010100000000000000000000000000000000000000   000000000000000000000000004        170192477882     
0010001300014U 060000000000000000000000000000000000000000000000000000000000000000000000234300000000000234300000000000000000000000000000001607202517072025            000000000000000                              000                           
0010001300015T 0601897X0000000092096 24778822500003230   700000000000323031072025000000000020123341004450000003230                0900000000000010100000000000000000000000000000000000000   000000000000000000000000004        170192477882     
0010001300016U 060000000000000000000000000000000000000000000000000000000000000000000000201230000000000201230000000000000000000000000000001607202517072025            000000000000000                              000                           
0010001300017T 0601897X0000000092096 24778822500003491   700000000000349131072025000000001161675104030800000003491                0900000000000010100000000000000000000000000000000000000   000000000000000000000000004        170192477882     
0010001300018U 060000000000000000000000000000000000000000000000000000000000000000000011616750000000011616750000000000000000000000000000001607202517072025            000000000000000                              000                           
0010001300019T 0601897X0000000092096 24778822500004814   700000000000481431072025000000000084564341002570000004814                0900000000000010100000000000000000000000000000000000000   000000000000000000000000004        170192477882     
0010001300020U 060000000000000000000000000000000000000000000000000000000000000000000000845640000000000845640000000000000000000000000000001607202517072025            000000000000000                              000                           
0010001300021T 0601897X0000000092096 24778822500005003   700000000000500331072025000000000074837033046050000005003                0900000000000010100000000000000000000000000000000000000   000000000000000000000000004        170192477882     
0010001300022U 060000000000000000000000000000000000000000000000000000000000000000000000748370000000000748370000000000000000000000000000001607202517072025            000000000000000                              000                           
0010001300023T 0601897X0000000092096 24778822500005325   700000000000532531072025000000000061248341009420000005325                0900000000000010100000000000000000000000000000000000000   000000000000000000000000004        170192477882     
0010001300024U 060000000000000000000000000000000000000000000000000000000000000000000000612480000000000612480000000000000000000000000000001607202517072025            000000000000000                              000                           
0010001300025T 0601897X0000000092096 24778829000008690   7000008690      16072025000000000104215033036890000008690                0900000000000010100000000000000000000000000000000000000   000000000000000000000000004        170192477882     
0010001300026U 060000000000000000000000000000000000000000000000000000000000000000000001042150000000001042150000000000000000000000000000001607202517072025            000000000000000                              000                           
0010001300027T 0601897X0000000092096 24778829000008691   7000008691      31072025000000001196168745000010000008691                0900000000000010100000000000000000000000000000000000000   000000000000000000000000004        170192477882     
0010001300028U 060000000000000000000000000000000000000000000000000000000000000000000011961680000000011961680000000000000000000000000000001607202517072025            000000000000000                              000                           
0010001300029T 0901897X0000000092096 24778822500003854   700000000000385414072025000000000270050001001724000003854                0900000000000000000000000000000000000000000000000000000   000000000000000000000039010        170192477882     
0010001300030U 090000000000000000000000000000000000000000000000000000000000000000000000000000000000000000000000000000000000000000000000001607202500000000            000000000000000                              000                           
0010001300031T 1401897X0000000092096 24778822500000325   700000000000032525072025000000000036740001004154000000325                0900000000000000000000000000000000000000000000000000000   000000000000000000000000000        170192477882     
0010001300032U 140000000000000000000000000000000000000000000000000000000000000000000000000000000000000000000000000000000000000000000000001607202500000000            000000000000000                              000                           
0010001300033T 1401897X0000000092096 24778822500007830   700000000000783018072025000000000020911001006998000007830                0900000000000000000000000000000000000000000000000000000   000000000000000000000000000        170192477882     
0010001300034U 140000000000000000000000000000000000000000000000000000000000000000000000000000000000000000000000000000000000000000000000001607202500000000            000000000000000                              000                           
0010001300035T 1401897X0000000092096 24778829000008696   7000008696      08082025000000000033123001004154000008696                0900000000000000000000000000000000000000000000000000000   000000000000000000000000000        170192477882     
0010001300036U 140000000000000000000000000000000000000000000000000000000000000000000000000000000000000000000000000000000000000000000000001607202500000000            000000000000000                              000                           
00100015         000038006439000000017225719190000000000000000000000000000000000000000000000000000000000000000000000000000000000000000000000000000                                                                                              
00199999         000001000040000000                                                                                                                                                            00000000000000000000000000000                    
