00100000         2115139610001160024778820014       01897X0000000092096 FUNDACAO AGENCIA DAS BACIAS HIBANCO DO BRASIL                         22808202501481300620103000000829973081PROCESSAMEN                                                 
00100011T0100020 20115139610001160024778820014       01897X0000000092096 FUNDACAO AGENCIA DAS BACIAS HI                                                                                000000002808202500000000  000000000                      
0010001300001T 0201897X0000000092096 24778829000008827   7000008827      30092025000000000040524001024171000008827                0900000000000010500000000000000000000000000000000000000   0000000000000000000000519A9A4      170192477882     
0010001300002U 020000000000000000000000000000000000000000000000000000000000000000000000000000000000000000000000000000000000000000000000002808202500000000            000000000000000                              000                           
0010001300003T 0201897X0000000092096 24778829000008828   7000008828      3009202500000000006371700101849X000008828                0900000000000010000000000000000000000000000000000000000   0000000000000000000000519A9        170192477882     
0010001300004U 020000000000000000000000000000000000000000000000000000000000000000000000000000000000000000000000000000000000000000000000002808202500000000            000000000000000                              000                           
0010001300005T 0201897X0000000092096 24778829000008829   7000008829      30092025000000000042131001009903000008829                0900000000000010500000000000000000000000000000000000000   0000000000000000000000519A9A4      170192477882     
0010001300006U 020000000000000000000000000000000000000000000000000000000000000000000000000000000000000000000000000000000000000000000000002808202500000000            000000000000000                              000                           
0010001300007T 0201897X0000000092096 24778829000008830   7000008830      30092025000000000022952001009903000008830                0900000000000010500000000000000000000000000000000000000   0000000000000000000000519A9A4      170192477882     
0010001300008U 020000000000000000000000000000000000000000000000000000000000000000000000000000000000000000000000000000000000000000000000002808202500000000            000000000000000                              000                           
0010001300009T 0201897X0000000092096 24778829000008831   7000008831      30092025000000000041704001014753000008831                0900000000000010500000000000000000000000000000000000000   0000000000000000000000519A9A4      170192477882     
0010001300010U 020000000000000000000000000000000000000000000000000000000000000000000000000000000000000000000000000000000000000000000000002808202500000000            000000000000000                              000                           
0010001300011T 0201897X0000000092096 24778829000008832   7000008832      30092025000000000036920001023248000008832                0900000000000010500000000000000000000000000000000000000   0000000000000000000000519A9A4      170192477882     
0010001300012U 020000000000000000000000000000000000000000000000000000000000000000000000000000000000000000000000000000000000000000000000002808202500000000            000000000000000                              000                           
0010001300013T 0201897X0000000092096 24778829000008833   7000008833      30092025000000000077721001009296000008833                0900000000000010500000000000000000000000000000000000000   0000000000000000000000519A9A4      170192477882     
0010001300014U 020000000000000000000000000000000000000000000000000000000000000000000000000000000000000000000000000000000000000000000000002808202500000000            000000000000000                              000                           
0010001300015T 0201897X0000000092096 24778829000008834   7000008834      3009202500000000008215700101849X000008834                0900000000000010500000000000000000000000000000000000000   0000000000000000000000519A9A4      170192477882     
0010001300016U 020000000000000000000000000000000000000000000000000000000000000000000000000000000000000000000000000000000000000000000000002808202500000000            000000000000000                              000                           
0010001300017T 0201897X0000000092096 24778829000008835   7000008835      30092025000000000052598001003190000008835                0900000000000010000000000000000000000000000000000000000   0000000000000000000000519A9        170192477882     
0010001300018U 020000000000000000000000000000000000000000000000000000000000000000000000000000000000000000000000000000000000000000000000002808202500000000            000000000000000                              000                           
0010001300019T 0601897X0000000092096 24778822500001578   700000000000157829082025000000000025423341029480000001578                0900000000000010100000000000000000000000000000000000000   000000000000000000000000004        170192477882     
0010001300020U 060000000000000000000000000000000000000000000000000000000000000000000000254230000000000254230000000000000000000000000000002808202529082025            000000000000000                              000                           
0010001300021T 0601897X0000000092096 24778822500001584   700000000000158429082025000000000025373341078900000001584                0900000000000010100000000000000000000000000000000000000   000000000000000000000000004        170192477882     
0010001300022U 060000000000000000000000000000000000000000000000000000000000000000000000253730000000000253730000000000000000000000000000002808202529082025            000000000000000                              000                           
0010001300023T 0601897X0000000092096 24778822500001593   700000000000159329082025000000000025001341048070000001593                0900000000000010100000000000000000000000000000000000000   000000000000000000000000004        170192477882     
0010001300024U 060000000000000000000000000000000000000000000000000000000000000000000000250010000000000250010000000000000000000000000000002808202529082025            000000000000000                              000                           
0010001300025T 0601897X0000000092096 24778822500001881   700000000000188129082025000000000021895237033890000001881                0900000000000010100000000000000000000000000000000000000   000000000000000000000000004        170192477882     
0010001300026U 060000000000000000000000000000000000000000000000000000000000000000000000218950000000000218950000000000000000000000000000002808202529082025            000000000000000                              000                           
0010001300027T 0601897X0000000092096 24778822500002120   700000000000212029082025000000000022945237005200000002120                0900000000000010100000000000000000000000000000000000000   000000000000000000000000004        170192477882     
0010001300028U 060000000000000000000000000000000000000000000000000000000000000000000000229450000000000229450000000000000000000000000000002808202529082025            000000000000000                              000                           
0010001300029T 0601897X0000000092096 24778822500002176   700000000000217629082025000000000021958341068800000002176                0900000000000010100000000000000000000000000000000000000   000000000000000000000000004        170192477882     
0010001300030U 060000000000000000000000000000000000000000000000000000000000000000000000219580000000000219580000000000000000000000000000002808202529082025            000000000000000                              000                           
0010001300031T 0601897X0000000092096 24778822500002177   700000000000217730092025000000000021958341068800000002177                0900000000000010100000000000000000000000000000000000000   000000000000000000000000004        170192477882     
0010001300032U 060000000000000000000000000000000000000000000000000000000000000000000000219580000000000219580000000000000000000000000000002808202529082025            000000000000000                              000                           
0010001300033T 0601897X0000000092096 24778822500002216   700000000000221629082025000000000021958341002790000002216                0900000000000010100000000000000000000000000000000000000   000000000000000000000000004        170192477882     
0010001300034U 060000000000000000000000000000000000000000000000000000000000000000000000219580000000000219580000000000000000000000000000002808202529082025            000000000000000                              000                           
0010001300035T 0601897X0000000092096 24778822500002284   700000000000228429082025000000000021511001033839000002284                0900000000000010040000000000000000000000000000000000000   000000000000000000000000034        170192477882     
0010001300036U 060000000000000000000000000000000000000000000000000000000000000000000000215110000000000215110000000000000000000000000000002808202529082025            000000000000000                              000                           
0010001300037T 0601897X0000000092096 24778822500002292   700000000000229229082025000000000021489341000280000002292                0900000000000010100000000000000000000000000000000000000   000000000000000000000000004        170192477882     
0010001300038U 060000000000000000000000000000000000000000000000000000000000000000000000214890000000000214890000000000000000000000000000002808202529082025            000000000000000                              000                           
0010001300039T 0601897X0000000092096 24778822500002340   700000000000234029082025000000000021079756011310000002340                0900000000000010100000000000000000000000000000000000000   000000000000000000000000004        170192477882     
0010001300040U 060000000000000000000000000000000000000000000000000000000000000000000000210790000000000210790000000000000000000000000000002808202529082025            000000000000000                              000                           
0010001300041T 0601897X0000000092096 24778822500002344   700000000000234429082025000000000021079033022700000002344                0900000000000010100000000000000000000000000000000000000   000000000000000000000000004        170192477882     
0010001300042U 060000000000000000000000000000000000000000000000000000000000000000000000210790000000000210790000000000000000000000000000002808202529082025            000000000000000                              000                           
0010001300043T 0601897X0000000092096 24778822500002685   700000000000268529082025000000000021079509000010000002685                0900000000000010100000000000000000000000000000000000000   000000000000000000000000004        170192477882     
0010001300044U 060000000000000000000000000000000000000000000000000000000000000000000000210790000000000210790000000000000000000000000000002808202529082025            000000000000000                              000                           
0010001300045T 0601897X0000000092096 24778822500002715   700000000000271529082025000000000020682341009120000002715                0900000000000010100000000000000000000000000000000000000   000000000000000000000000004        170192477882     
0010001300046U 060000000000000000000000000000000000000000000000000000000000000000000000206820000000000206820000000000000000000000000000002808202529082025            000000000000000                              000                           
0010001300047T 0601897X0000000092096 24778822500002925   700000000000292529082025000000000022202341000550000002925                0900000000000010100000000000000000000000000000000000000   000000000000000000000000004        170192477882     
0010001300048U 060000000000000000000000000000000000000000000000000000000000000000000000222020000000000222020000000000000000000000000000002808202529082025            000000000000000                              000                           
0010001300049T 0601897X0000000092096 24778822500003057   700000000000305729082025000000000021433237002150000003057                0900000000000010100000000000000000000000000000000000000   000000000000000000000000004        170192477882     
0010001300050U 060000000000000000000000000000000000000000000000000000000000000000000000214330000000000214330000000000000000000000000000002808202529082025            000000000000000                              000                           
0010001300051T 0601897X0000000092096 24778822500003183   700000000000318329082025000000000020386341000140000003183                0900000000000010100000000000000000000000000000000000000   000000000000000000000000004        170192477882     
0010001300052U 060000000000000000000000000000000000000000000000000000000000000000000000203860000000000203860000000000000000000000000000002808202529082025            000000000000000                              000                           
0010001300053T 0601897X0000000092096 24778822500003394   700000000000339429082025000000002519362001041467000003394                0900000000000010040000000000000000000000000000000000000   000000000000000000000000034        170192477882     
0010001300054U 060000000000000000000000000000000000000000000000000000000000000000000025193620000000025193620000000000000000000000000000002808202529082025            000000000000000                              000                           
0010001300055T 0601897X0000000092096 24778822500003555   700000000000355529082025000000000802402341000540000003555                0900000000000010100000000000000000000000000000000000000   000000000000000000000000004        170192477882     
0010001300056U 060000000000000000000000000000000000000000000000000000000000000000000008024020000000008024020000000000000000000000000000002808202529082025            000000000000000                              000                           
0010001300057T 0601897X0000000092096 24778822500003618   700000000000361829082025000000000624390237007090000003618                0900000000000010100000000000000000000000000000000000000   000000000000000000000000004        170192477882     
0010001300058U 060000000000000000000000000000000000000000000000000000000000000000000006243900000000006243900000000000000000000000000000002808202529082025            000000000000000                              000                           
0010001300059T 0601897X0000000092096 24778822500003723   700000000000372329082025000000000375774001006998000003723                0900000000000010040000000000000000000000000000000000000   000000000000000000000000034        170192477882     
0010001300060U 060000000000000000000000000000000000000000000000000000000000000000000003757740000000003757740000000000000000000000000000002808202529082025            000000000000000                              000                           
0010001300061T 0601897X0000000092096 24778822500003772   700000000000377229082025000000000295221341000190000003772                0900000000000010100000000000000000000000000000000000000   000000000000000000000000004        170192477882     
0010001300062U 060000000000000000000000000000000000000000000000000000000000000000000002952210000000002952210000000000000000000000000000002808202529082025            000000000000000                              000                           
0010001300063T 0601897X0000000092096 24778822500003807   700000000000380729082025000000000285427341001100000003807                0900000000000010100000000000000000000000000000000000000   000000000000000000000000004        170192477882     
0010001300064U 060000000000000000000000000000000000000000000000000000000000000000000002854270000000002854270000000000000000000000000000002808202529082025            000000000000000                              000                           
0010001300065T 0601897X0000000092096 24778822500003835   700000000000383529082025000000000276151237033910000003835                0900000000000010100000000000000000000000000000000000000   000000000000000000000000004        170192477882     
0010001300066U 060000000000000000000000000000000000000000000000000000000000000000000002761510000000002761510000000000000000000000000000002808202529082025            000000000000000                              000                           
0010001300067T 0601897X0000000092096 24778822500004290   700000000000429029082025000000000139348509000010000004290                0900000000000010100000000000000000000000000000000000000   000000000000000000000000004        170192477882     
0010001300068U 060000000000000000000000000000000000000000000000000000000000000000000001393480000000001393480000000000000000000000000000002808202529082025            000000000000000                              000                           
0010001300069T 0601897X0000000092096 24778822500004297   700000000000429729082025000000000138546341040050000004297                0900000000000010100000000000000000000000000000000000000   000000000000000000000000004        170192477882     
0010001300070U 060000000000000000000000000000000000000000000000000000000000000000000001385460000000001385460000000000000000000000000000002808202529082025            000000000000000                              000                           
0010001300071T 0601897X0000000092096 24778822500004325   700000000000432529082025000000000134024341005600000004325                0900000000000010100000000000000000000000000000000000000   000000000000000000000000004        170192477882     
0010001300072U 060000000000000000000000000000000000000000000000000000000000000000000001340240000000001340240000000000000000000000000000002808202529082025            000000000000000                              000                           
0010001300073T 0601897X0000000092096 24778822500004430   700000000000443029082025000000000117628341002770000004430                0900000000000010100000000000000000000000000000000000000   000000000000000000000000004        170192477882     
0010001300074U 060000000000000000000000000000000000000000000000000000000000000000000001176280000000001176280000000000000000000000000000002808202529082025            000000000000000                              000                           
0010001300075T 0601897X0000000092096 24778822500004521   700000000000452129082025000000000108297341000280000004521                0900000000000010100000000000000000000000000000000000000   000000000000000000000000004        170192477882     
0010001300076U 060000000000000000000000000000000000000000000000000000000000000000000001082970000000001082970000000000000000000000000000002808202529082025            000000000000000                              000                           
0010001300077T 0601897X0000000092096 24778822500004619   700000000000461929082025000000000099124755013060000004619                0900000000000010100000000000000000000000000000000000000   000000000000000000000000004        170192477882     
0010001300078U 060000000000000000000000000000000000000000000000000000000000000000000000991240000000000991240000000000000000000000000000002808202529082025            000000000000000                              000                           
0010001300079T 0601897X0000000092096 24778822500004661   700000000000466129082025000000000095399341040050000004661                0900000000000010100000000000000000000000000000000000000   000000000000000000000000004        170192477882     
0010001300080U 060000000000000000000000000000000000000000000000000000000000000000000000953990000000000953990000000000000000000000000000002808202529082025            000000000000000                              000                           
0010001300081T 0601897X0000000092096 24778822500004829   700000000000482929082025000000000083811341029770000004829                0900000000000010100000000000000000000000000000000000000   000000000000000000000000004        170192477882     
0010001300082U 060000000000000000000000000000000000000000000000000000000000000000000000838110000000000838110000000000000000000000000000002808202529082025            000000000000000                              000                           
0010001300083T 0601897X0000000092096 24778822500004885   700000000000488529082025000000000081502001026565000004885                0900000000000010040000000000000000000000000000000000000   000000000000000000000000034        170192477882     
0010001300084U 060000000000000000000000000000000000000000000000000000000000000000000000815020000000000815020000000000000000000000000000002808202529082025            000000000000000                              000                           
0010001300085T 0601897X0000000092096 24778822500005109   70000000000051092908202500000000006826900104203X000005109                0900000000000010040000000000000000000000000000000000000   000000000000000000000000034        170192477882     
0010001300086U 060000000000000000000000000000000000000000000000000000000000000000000000682690000000000682690000000000000000000000000000002808202529082025            000000000000000                              000                           
0010001300087T 0601897X0000000092096 24778822500005144   700000000000514429082025000000000066918341031000000005144                0900000000000010100000000000000000000000000000000000000   000000000000000000000000004        170192477882     
0010001300088U 060000000000000000000000000000000000000000000000000000000000000000000000669180000000000669180000000000000000000000000000002808202529082025            000000000000000                              000                           
0010001300089T 0601897X0000000092096 24778822500005200   700000000000520029082025000000000064294509000010000005200                0900000000000010100000000000000000000000000000000000000   000000000000000000000000004        170192477882     
0010001300090U 060000000000000000000000000000000000000000000000000000000000000000000000642940000000000642940000000000000000000000000000002808202529082025            000000000000000                              000                           
0010001300091T 0601897X0000000092096 24778822500005263   700000000000526329082025000000000063177341000300000005263                0900000000000010100000000000000000000000000000000000000   000000000000000000000000004        170192477882     
0010001300092U 060000000000000000000000000000000000000000000000000000000000000000000000631770000000000631770000000000000000000000000000002808202529082025            000000000000000                              000                           
0010001300093T 0601897X0000000092096 24778822500005270   700000000000527029082025000000000062736237009270000005270                0900000000000010100000000000000000000000000000000000000   000000000000000000000000004        170192477882     
0010001300094U 060000000000000000000000000000000000000000000000000000000000000000000000627360000000000627360000000000000000000000000000002808202529082025            000000000000000                              000                           
0010001300095T 0601897X0000000092096 24778822500005536   700000000000553629082025000000000054537341002770000005536                0900000000000010100000000000000000000000000000000000000   000000000000000000000000004        170192477882     
0010001300096U 060000000000000000000000000000000000000000000000000000000000000000000000545370000000000545370000000000000000000000000000002808202529082025            000000000000000                              000                           
0010001300097T 0601897X0000000092096 24778822500005767   700000000000576729082025000000000048097104002790000005767                0900000000000010100000000000000000000000000000000000000   000000000000000000000000004        170192477882     
0010001300098U 060000000000000000000000000000000000000000000000000000000000000000000000480970000000000480970000000000000000000000000000002808202529082025            000000000000000                              000                           
0010001300099T 0601897X0000000092096 24778822500005991   700000000000599129082025000000000041824001031666000005991                0900000000000010060000000000000000000000000000000000000   000000000000000000000000033        170192477882     
0010001300100U 060000000000000000000000000000000000000000000000000000000000000000000000418240000000000418240000000000000000000000000000002808202529082025            000000000000000                              000                           
0010001300101T 0601897X0000000092096 24778822500006047   700000000000604729082025000000000041824237022970000006047                0900000000000010100000000000000000000000000000000000000   000000000000000000000000004        170192477882     
0010001300102U 060000000000000000000000000000000000000000000000000000000000000000000000418240000000000418240000000000000000000000000000002808202529082025            000000000000000                              000                           
0010001300103T 0601897X0000000092096 24778822500006159   700000000000615929082025000000000040569237004800000006159                0900000000000010100000000000000000000000000000000000000   000000000000000000000000004        170192477882     
0010001300104U 060000000000000000000000000000000000000000000000000000000000000000000000405690000000000405690000000000000000000000000000002808202529082025            000000000000000                              000                           
0010001300105T 0601897X0000000092096 24778822500006348   700000000000634829082025000000000036715748052490000006348                0900000000000010100000000000000000000000000000000000000   000000000000000000000000004        170192477882     
0010001300106U 060000000000000000000000000000000000000000000000000000000000000000000000367150000000000367150000000000000000000000000000002808202529082025            000000000000000                              000                           
0010001300107T 0601897X0000000092096 24778822500006761   700000000000676129082025000000000032299341000280000006761                0900000000000010100000000000000000000000000000000000000   000000000000000000000000004        170192477882     
0010001300108U 060000000000000000000000000000000000000000000000000000000000000000000000322990000000000322990000000000000000000000000000002808202529082025            000000000000000                              000                           
0010001300109T 0601897X0000000092096 24778822500006929   700000000000692929082025000000000030594341000280000006929                0900000000000010100000000000000000000000000000000000000   000000000000000000000000004        170192477882     
0010001300110U 060000000000000000000000000000000000000000000000000000000000000000000000305940000000000305940000000000000000000000000000002808202529082025            000000000000000                              000                           
0010001300111T 0601897X0000000092096 24778822500007475   700000000000747529082025000000000024467237019700000007475                0900000000000010100000000000000000000000000000000000000   000000000000000000000000004        170192477882     
0010001300112U 060000000000000000000000000000000000000000000000000000000000000000000000244670000000000244670000000000000000000000000000002808202529082025            000000000000000                              000                           
0010001300113T 0601897X0000000092096 24778822500007629   700000000000762929082025000000000022585341005460000007629                0900000000000010100000000000000000000000000000000000000   000000000000000000000000004        170192477882     
0010001300114U 060000000000000000000000000000000000000000000000000000000000000000000000225850000000000225850000000000000000000000000000002808202529082025            000000000000000                              000                           
0010001300115T 0601897X0000000092096 24778822500007804   700000000000780429082025000000000021058237003140000007804                0900000000000010100000000000000000000000000000000000000   000000000000000000000000004        170192477882     
0010001300116U 060000000000000000000000000000000000000000000000000000000000000000000000210580000000000210580000000000000000000000000000002808202529082025            000000000000000                              000                           
0010001300117T 0601897X0000000092096 24778822500007895   700000000000789529082025000000000020912033005350000007895                0900000000000010100000000000000000000000000000000000000   000000000000000000000000004        170192477882     
0010001300118U 060000000000000000000000000000000000000000000000000000000000000000000000209120000000000209120000000000000000000000000000002808202529082025            000000000000000                              000                           
0010001300119T 0601897X0000000092096 24778829000008608   7000008608      29082025000000001970464001041467000008608                0900000000000010040000000000000000000000000000000000000   000000000000000000000000034        170192477882     
0010001300120U 060000000000000000000000000000000000000000000000000000000000000000000019704640000000019704640000000000000000000000000000002808202529082025            000000000000000                              000                           
0010001300121T 0601897X0000000092096 24778829000008746   7000008746      29082025000000000122603748052490000008746                0900000000000010100000000000000000000000000000000000000   000000000000000000000000004        170192477882     
0010001300122U 060000000000000000000000000000000000000000000000000000000000000000000001226030000000001226030000000000000000000000000000002808202529082025            000000000000000                              000                           
0010001300123T 0601897X0000000092096 24778829000008756   7000008756      29082025000000000050664237019700000008756                0900000000000010100000000000000000000000000000000000000   000000000000000000000000004        170192477882     
0010001300124U 060000000000000000000000000000000000000000000000000000000000000000000000506640000000000506640000000000000000000000000000002808202529082025            000000000000000                              000                           
0010001300125T 0601897X0000000092096 24778829000008767   7000008767      29082025000000000042574341029640000008767                0900000000000010100000000000000000000000000000000000000   000000000000000000000000004        170192477882     
0010001300126U 060000000000000000000000000000000000000000000000000000000000000000000000425740000000000425740000000000000000000000000000002808202529082025            000000000000000                              000                           
0010001300127T 0601897X0000000092096 24778829000008768   7000008768      29082025000000000030158341029640000008768                0900000000000010100000000000000000000000000000000000000   000000000000000000000000004        170192477882     
0010001300128U 060000000000000000000000000000000000000000000000000000000000000000000000301580000000000301580000000000000000000000000000002808202529082025            000000000000000                              000                           
0010001300129T 0601897X0000000092096 24778829000008769   7000008769      29082025000000000045467104048950000008769                0900000000000010100000000000000000000000000000000000000   000000000000000000000000004        170192477882     
0010001300130U 060000000000000000000000000000000000000000000000000000000000000000000000454670000000000454670000000000000000000000000000002808202529082025            000000000000000                              000                           
0010001300131T 0601897X0000000092096 24778829000008774   7000008774      29082025000000000045467341002790000008774                0900000000000010100000000000000000000000000000000000000   000000000000000000000000004        170192477882     
0010001300132U 060000000000000000000000000000000000000000000000000000000000000000000000454670000000000454670000000000000000000000000000002808202529082025            000000000000000                              000                           
0010001300133T 0601897X0000000092096 24778829000008777   7000008777      29082025000000000008023756048020000008777                0900000000000010100000000000000000000000000000000000000   000000000000000000000000004        170192477882     
0010001300134U 060000000000000000000000000000000000000000000000000000000000000000000000080230000000000080230000000000000000000000000000002808202529082025            000000000000000                              000                           
0010001300135T 0601897X0000000092096 24778829000008803   7000008803      30092025000000000107685001029351000008803                0900000000000010040000000000000000000000000000000000000   000000000000000000000000034        170192477882     
0010001300136U 060000000000000000000000000000000000000000000000000000000000000000000001076850000000001076850000000000000000000000000000002808202529082025            000000000000000                              000                           
0010001300137T 0601897X0000000092096 24778829000008813   7000008813      30092025000000000050766001029351000008813                0900000000000010040000000000000000000000000000000000000   000000000000000000000000034        170192477882     
0010001300138U 060000000000000000000000000000000000000000000000000000000000000000000000507660000000000507660000000000000000000000000000002808202529082025            000000000000000                              000                           
0010001300139T 0601897X0000000092096 24778829000008814   7000008814      30092025000000000073841001029351000008814                0900000000000010040000000000000000000000000000000000000   000000000000000000000000034        170192477882     
0010001300140U 060000000000000000000000000000000000000000000000000000000000000000000000738410000000000738410000000000000000000000000000002808202529082025            000000000000000                              000                           
0010001300141T 0601897X0000000092096 24778829000008815   7000008815      30092025000000000039381001029351000008815                0900000000000010040000000000000000000000000000000000000   000000000000000000000000034        170192477882     
0010001300142U 060000000000000000000000000000000000000000000000000000000000000000000000393810000000000393810000000000000000000000000000002808202529082025            000000000000000                              000                           
0010001300143T 0601897X0000000092096 24778829000008816   7000008816      30092025000000000080336001029351000008816                0900000000000010040000000000000000000000000000000000000   000000000000000000000000034        170192477882     
0010001300144U 060000000000000000000000000000000000000000000000000000000000000000000000803360000000000803360000000000000000000000000000002808202529082025            000000000000000                              000                           
0010001300145T 0601897X0000000092096 24778829000008817   7000008817      30092025000000000049227001029351000008817                0900000000000010040000000000000000000000000000000000000   000000000000000000000000034        170192477882     
0010001300146U 060000000000000000000000000000000000000000000000000000000000000000000000492270000000000492270000000000000000000000000000002808202529082025            000000000000000                              000                           
0010001300147T 0901897X0000000092096 24778829000008763   7000008763      29082025000000000052080001003190000008763                0900000000000000000000000000000000000000000000000000000   000000000000000000000039010        170192477882     
0010001300148U 090000000000000000000000000000000000000000000000000000000000000000000000000000000000000000000000000000000000000000000000002808202500000000            000000000000000                              000                           
0010001300149T 1401897X0000000092096 24778822500006257   700000000000625705092025000000000037757001009903000006257                0900000000000000000000000000000000000000000000000000000   000000000000000000000000000        170192477882     
0010001300150U 140000000000000000000000000000000000000000000000000000000000000000000000000000000000000000000000000000000000000000000000002808202500000000            000000000000000                              000                           
00100015         000152004445000000013441250150000000000000000000000000000000000000000000000000000000000000000000000000000000000000000000000000000                                                                                              
00199999         000001000154000000                                                                                                                                                            00000000000000000000000000000                    
