00100000         2115139610001160024778820014       01897X0000000092096 FUNDACAO AGENCIA DAS BACIAS HIBANCO DO BRASIL                         22407202502043500615103000000829973081PROCESSAMEN                                                 
00100011T0100020 20115139610001160024778820014       01897X0000000092096 FUNDACAO AGENCIA DAS BACIAS HI                                                                                000000002407202500000000  000000000                      
0010001300001T 0201897X0000000092096 24778829000008709   7000008709      31072025000000002472107001004561000008709                0900000000000010000000000000000000000000000000000000000   0000000000000000000000519A9        170192477882     
0010001300002U 020000000000000000000000000000000000000000000000000000000000000000000000000000000000000000000000000000000000000000000000002407202500000000            000000000000000                              000                           
0010001300003T 0201897X0000000092096 24778829000008710   7000008710      31072025000000000175509001069833000008710                0900000000000010000000000000000000000000000000000000000   0000000000000000000000519A9        170192477882     
0010001300004U 020000000000000000000000000000000000000000000000000000000000000000000000000000000000000000000000000000000000000000000000002407202500000000            000000000000000                              000                           
0010001300005T 0201897X0000000092096 24778829000008711   7000008711      31072025000000000141458001007994000008711                0900000000000010000000000000000000000000000000000000000   0000000000000000000000519A9        170192477882     
0010001300006U 020000000000000000000000000000000000000000000000000000000000000000000000000000000000000000000000000000000000000000000000002407202500000000            000000000000000                              000                           
0010001300007T 0201897X0000000092096 24778829000008712   7000008712      31072025000000000080236001000566000008712                0900000000000010000000000000000000000000000000000000000   0000000000000000000000519A9        170192477882     
0010001300008U 020000000000000000000000000000000000000000000000000000000000000000000000000000000000000000000000000000000000000000000000002407202500000000            000000000000000                              000                           
0010001300009T 0201897X0000000092096 24778829000008713   7000008713      3107202500000000008023600101849X000008713                0900000000000010000000000000000000000000000000000000000   0000000000000000000000519A9        170192477882     
0010001300010U 020000000000000000000000000000000000000000000000000000000000000000000000000000000000000000000000000000000000000000000000002407202500000000            000000000000000                              000                           
0010001300011T 0201897X0000000092096 24778829000008714   7000008714      31072025000000000020451001003018000008714                0900000000000010500000000000000000000000000000000000000   0000000000000000000000519A9A4      170192477882     
0010001300012U 020000000000000000000000000000000000000000000000000000000000000000000000000000000000000000000000000000000000000000000000002407202500000000            000000000000000                              000                           
0010001300013T 0201897X0000000092096 24778829000008715   7000008715      31072025000000000029743001004154000008715                0900000000000010500000000000000000000000000000000000000   0000000000000000000000519A9A4      170192477882     
0010001300014U 020000000000000000000000000000000000000000000000000000000000000000000000000000000000000000000000000000000000000000000000002407202500000000            000000000000000                              000                           
0010001300015T 0601897X0000000092096 24778822500000030   700000000000003025072025000000000428952033020170000000030                0900000000000010100000000000000000000000000000000000000   000000000000000000000000004        170192477882     
0010001300016U 060000000000000000000000000000000000000000000000000000000000000000000004289520000000004289520000000000000000000000000000002407202525072025            000000000000000                              000                           
0010001300017T 0601897X0000000092096 24778822500000349   700000000000034930062025000000000035961341009100000000349                0900000000000010100000000000000000000000000000000000000   000000000000000000000000004        170192477882     
0010001300018U 060000000000010060000000000000000000000000000000000000000000000000000000369670000000000369670000000000000000000000000000002407202525072025            000000000000000                              000                           
0010001300019T 0601897X0000000092096 24778822500000350   700000000000035030062025000000000035961341009100000000350                0900000000000010100000000000000000000000000000000000000   000000000000000000000000004        170192477882     
0010001300020U 060000000000010060000000000000000000000000000000000000000000000000000000369670000000000369670000000000000000000000000000002407202525072025            000000000000000                              000                           
0010001300021T 0601897X0000000092096 24778822500000525   700000000000052525072025000000000029003341081470000000525                0900000000000010100000000000000000000000000000000000000   000000000000000000000000004        170192477882     
0010001300022U 060000000000000000000000000000000000000000000000000000000000000000000000290030000000000290030000000000000000000000000000002407202525072025            000000000000000                              000                           
0010001300023T 0601897X0000000092096 24778822500001588   700000000000158830062025000000000025089341009100000001588                0900000000000010100000000000000000000000000000000000000   000000000000000000000000004        170192477882     
0010001300024U 060000000000007010000000000000000000000000000000000000000000000000000000257900000000000257900000000000000000000000000000002407202525072025            000000000000000                              000                           
0010001300025T 0601897X0000000092096 24778822500001654   700000000000165430062025000000000024397341009100000001654                0900000000000010100000000000000000000000000000000000000   000000000000000000000000004        170192477882     
0010001300026U 060000000000006820000000000000000000000000000000000000000000000000000000250790000000000250790000000000000000000000000000002407202525072025            000000000000000                              000                           
0010001300027T 0601897X0000000092096 24778822500001700   700000000000170031072025000000000023974756021140000001700                0900000000000010100000000000000000000000000000000000000   000000000000000000000000004        170192477882     
0010001300028U 060000000000000000000000000000000000000000000000000000000000000000000000239740000000000239740000000000000000000000000000002407202525072025            000000000000000                              000                           
0010001300029T 0601897X0000000092096 24778822500003855   700000000000385531072025000000000270051341009120000003855                0900000000000010100000000000000000000000000000000000000   000000000000000000000000004        170192477882     
0010001300030U 060000000000000000000000000000000000000000000000000000000000000000000002700510000000002700510000000000000000000000000000002407202525072025            000000000000000                              000                           
0010001300031T 0601897X0000000092096 24778822500003960   700000000000396031072025000000000222634745000040000003960                0900000000000010100000000000000000000000000000000000000   000000000000000000000000004        170192477882     
0010001300032U 060000000000000000000000000000000000000000000000000000000000000000000002226340000000002226340000000000000000000000000000002407202525072025            000000000000000                              000                           
0010001300033T 0601897X0000000092096 24778822500004471   700000000000447131072025000000000113141341011450000004471                0900000000000010100000000000000000000000000000000000000   000000000000000000000000004        170192477882     
0010001300034U 060000000000000000000000000000000000000000000000000000000000000000000001131410000000001131410000000000000000000000000000002407202525072025            000000000000000                              000                           
0010001300035T 0601897X0000000092096 24778822500004954   700000000000495431072025000000000075656341000090000004954                0900000000000010100000000000000000000000000000000000000   000000000000000000000000004        170192477882     
0010001300036U 060000000000000000000000000000000000000000000000000000000000000000000000756560000000000756560000000000000000000000000000002407202525072025            000000000000000                              000                           
0010001300037T 0601897X0000000092096 24778822500006550   700000000000655031072025000000000033877341006700000006550                0900000000000010100000000000000000000000000000000000000   000000000000000000000000004        170192477882     
0010001300038U 060000000000000000000000000000000000000000000000000000000000000000000000338770000000000338770000000000000000000000000000002407202525072025            000000000000000                              000                           
0010001300039T 0601897X0000000092096 24778822500007075   700000000000707531072025000000000029277756038430000007075                0900000000000010100000000000000000000000000000000000000   000000000000000000000000004        170192477882     
0010001300040U 060000000000000000000000000000000000000000000000000000000000000000000000292770000000000292770000000000000000000000000000002407202525072025            000000000000000                              000                           
0010001300041T 0601897X0000000092096 24778829000008666   7000008666      31072025000000000027416341029040000008666                0900000000000010100000000000000000000000000000000000000   000000000000000000000000004        170192477882     
0010001300042U 060000000000000000000000000000000000000000000000000000000000000000000000274160000000000274160000000000000000000000000000002407202525072025            000000000000000                              000                           
0010001300043T 0601897X0000000092096 24778829000008701   7000008701      31072025000000000026397341000410000008701                0900000000000010100000000000000000000000000000000000000   000000000000000000000000004        170192477882     
0010001300044U 060000000000000000000000000000000000000000000000000000000000000000000000263970000000000263970000000000000000000000000000002407202525072025            000000000000000                              000                           
0010001300045T 0601897X0000000092096 24778829000008702   7000008702      31072025000000000049477341000410000008702                0900000000000010100000000000000000000000000000000000000   000000000000000000000000004        170192477882     
0010001300046U 060000000000000000000000000000000000000000000000000000000000000000000000494770000000000494770000000000000000000000000000002407202525072025            000000000000000                              000                           
0010001300047T 0601897X0000000092096 24778829000008703   7000008703      31072025000000000036285213000010000008703                0900000000000010100000000000000000000000000000000000000   000000000000000000000000004        170192477882     
0010001300048U 060000000000000000000000000000000000000000000000000000000000000000000000362850000000000362850000000000000000000000000000002407202525072025            000000000000000                              000                           
0010001300049T 0901897X0000000092096 24778822500000004   700000000000000431072025000000002472107001004561000000004                0900000000000000000000000000000000000000000000000000000   000000000000000000000039010        170192477882     
0010001300050U 090000000000000000000000000000000000000000000000000000000000000000000000000000000000000000000000000000000000000000000000002407202500000000            000000000000000                              000                           
0010001300051T 1401897X0000000092096 24778822500002763   700000000000276331072025000000000020426001009946000002763                0900000000000000000000000000000000000000000000000000000   000000000000000000000000000        170192477882     
0010001300052U 140000000000000000000000000000000000000000000000000000000000000000000000000000000000000000000000000000000000000000000000002407202500000000            000000000000000                              000                           
00100015         000054006356000000017032191630000000000000000000000000000000000000000000000000000000000000000000000000000000000000000000000000000                                                                                              
00199999         000001000056000000                                                                                                                                                            00000000000000000000000000000                    
