00100000         2115139610001160024778820014       01897X0000000092096 FUNDACAO AGENCIA DAS BACIAS HIBANCO DO BRASIL                         22508202502101700619503000000829973081PROCESSAMEN                                                 
00100011T0100020 20115139610001160024778820014       01897X0000000092096 FUNDACAO AGENCIA DAS BACIAS HI                                                                                000000002508202500000000  000000000                      
0010001300001T 0201897X0000000092096 24778829000008791   7000008791      30092025000000000153834001000094000008791                0900000000000010500000000000000000000000000000000000000   0000000000000000000000519A9A4      170192477882     
0010001300002U 020000000000000000000000000000000000000000000000000000000000000000000000000000000000000000000000000000000000000000000000002508202500000000            000000000000000                              000                           
0010001300003T 0201897X0000000092096 24778829000008792   7000008792      30092025000000000102568001000566000008792                0900000000000010500000000000000000000000000000000000000   0000000000000000000000519A9A4      170192477882     
0010001300004U 020000000000000000000000000000000000000000000000000000000000000000000000000000000000000000000000000000000000000000000000002508202500000000            000000000000000                              000                           
0010001300005T 0201897X0000000092096 24778829000008793   7000008793      30092025000000000107684001001678000008793                0900000000000010500000000000000000000000000000000000000   0000000000000000000000519A9A4      170192477882     
0010001300006U 020000000000000000000000000000000000000000000000000000000000000000000000000000000000000000000000000000000000000000000000002508202500000000            000000000000000                              000                           
0010001300007T 0201897X0000000092096 24778829000008794   7000008794      3009202500000000038782500101849X000008794                0900000000000010500000000000000000000000000000000000000   0000000000000000000000519A9A4      170192477882     
0010001300008U 020000000000000000000000000000000000000000000000000000000000000000000000000000000000000000000000000000000000000000000000002508202500000000            000000000000000                              000                           
0010001300009T 0201897X0000000092096 24778829000008795   7000008795      30092025000000000110761001003409000008795                0900000000000010000000000000000000000000000000000000000   0000000000000000000000519A9        170192477882     
0010001300010U 020000000000000000000000000000000000000000000000000000000000000000000000000000000000000000000000000000000000000000000000002508202500000000            000000000000000                              000                           
0010001300011T 0201897X0000000092096 24778829000008796   7000008796      30092025000000000093144001001678000008796                0900000000000010500000000000000000000000000000000000000   0000000000000000000000519A9A4      170192477882     
0010001300012U 020000000000000000000000000000000000000000000000000000000000000000000000000000000000000000000000000000000000000000000000002508202500000000            000000000000000                              000                           
0010001300013T 0201897X0000000092096 24778829000008797   7000008797      30092025000000000110761001009946000008797                0900000000000010500000000000000000000000000000000000000   0000000000000000000000519A9A4      170192477882     
0010001300014U 020000000000000000000000000000000000000000000000000000000000000000000000000000000000000000000000000000000000000000000000002508202500000000            000000000000000                              000                           
0010001300015T 0201897X0000000092096 24778829000008798   7000008798      30092025000000000098039001006998000008798                0900000000000010000000000000000000000000000000000000000   0000000000000000000000519A9        170192477882     
0010001300016U 020000000000000000000000000000000000000000000000000000000000000000000000000000000000000000000000000000000000000000000000002508202500000000            000000000000000                              000                           
0010001300017T 0201897X0000000092096 24778829000008799   7000008799      30092025000000000058278001009946000008799                0900000000000010000000000000000000000000000000000000000   0000000000000000000000519A9        170192477882     
0010001300018U 020000000000000000000000000000000000000000000000000000000000000000000000000000000000000000000000000000000000000000000000002508202500000000            000000000000000                              000                           
0010001300019T 0201897X0000000092096 24778829000008800   7000008800      31102025000000000058277001009946000008800                0900000000000010000000000000000000000000000000000000000   0000000000000000000000519A9        170192477882     
0010001300020U 020000000000000000000000000000000000000000000000000000000000000000000000000000000000000000000000000000000000000000000000002508202500000000            000000000000000                              000                           
0010001300021T 0201897X0000000092096 24778829000008801   7000008801      28112025000000000058277001009946000008801                0900000000000010000000000000000000000000000000000000000   0000000000000000000000519A9        170192477882     
0010001300022U 020000000000000000000000000000000000000000000000000000000000000000000000000000000000000000000000000000000000000000000000002508202500000000            000000000000000                              000                           
0010001300023T 0201897X0000000092096 24778829000008802   7000008802      19122025000000000058277001009946000008802                0900000000000010000000000000000000000000000000000000000   0000000000000000000000519A9        170192477882     
0010001300024U 020000000000000000000000000000000000000000000000000000000000000000000000000000000000000000000000000000000000000000000000002508202500000000            000000000000000                              000                           
0010001300025T 0601897X0000000092096 24778822500001539   700000000000153929082025000000000026349104039660000001539                0900000000000010100000000000000000000000000000000000000   000000000000000000000000004        170192477882     
0010001300026U 060000000000000000000000000000000000000000000000000000000000000000000000263490000000000263490000000000000000000000000000002508202526082025            000000000000000                              000                           
0010001300027T 0601897X0000000092096 24778822500001665   700000000000166529082025000000000024397033013190000001665                0900000000000010100000000000000000000000000000000000000   000000000000000000000000004        170192477882     
0010001300028U 060000000000000000000000000000000000000000000000000000000000000000000000243970000000000243970000000000000000000000000000002508202526082025            000000000000000                              000                           
0010001300029T 0601897X0000000092096 24778822500001673   700000000000167331072025000000000024397341002770000001673                0900000000000010100000000000000000000000000000000000000   000000000000000000000000004        170192477882     
0010001300030U 060000000000006900000000000000000000000000000000000000000000000000000000250870000000000250870000000000000000000000000000002508202526082025            000000000000000                              000                           
0010001300031T 0601897X0000000092096 24778822500001701   700000000000170129082025000000000023974756021140000001701                0900000000000010100000000000000000000000000000000000000   000000000000000000000000004        170192477882     
0010001300032U 060000000000000000000000000000000000000000000000000000000000000000000000239740000000000239740000000000000000000000000000002508202526082025            000000000000000                              000                           
0010001300033T 0601897X0000000092096 24778822500001713   700000000000171329082025000000000023854033036800000001713                0900000000000010100000000000000000000000000000000000000   000000000000000000000000004        170192477882     
0010001300034U 060000000000000000000000000000000000000000000000000000000000000000000000238540000000000238540000000000000000000000000000002508202526082025            000000000000000                              000                           
0010001300035T 0601897X0000000092096 24778822500001731   700000000000173129082025000000000023473509000010000001731                0900000000000010100000000000000000000000000000000000000   000000000000000000000000004        170192477882     
0010001300036U 060000000000000000000000000000000000000000000000000000000000000000000000234730000000000234730000000000000000000000000000002508202526082025            000000000000000                              000                           
0010001300037T 0601897X0000000092096 24778822500001782   700000000000178229082025000000000023037033033770000001782                0900000000000010100000000000000000000000000000000000000   000000000000000000000000004        170192477882     
0010001300038U 060000000000000000000000000000000000000000000000000000000000000000000000230370000000000230370000000000000000000000000000002508202526082025            000000000000000                              000                           
0010001300039T 0601897X0000000092096 24778822500001800   700000000000180029082025000000000022660237025610000001800                0900000000000010100000000000000000000000000000000000000   000000000000000000000000004        170192477882     
0010001300040U 060000000000000000000000000000000000000000000000000000000000000000000000226600000000000226600000000000000000000000000000002508202526082025            000000000000000                              000                           
0010001300041T 0601897X0000000092096 24778822500001821   700000000000182129082025000000000022446341023500000001821                0900000000000010100000000000000000000000000000000000000   000000000000000000000000004        170192477882     
0010001300042U 060000000000000000000000000000000000000000000000000000000000000000000000224460000000000224460000000000000000000000000000002508202526082025            000000000000000                              000                           
0010001300043T 0601897X0000000092096 24778822500001875   700000000000187529082025000000000021932033003430000001875                0900000000000010100000000000000000000000000000000000000   000000000000000000000000004        170192477882     
0010001300044U 060000000000000000000000000000000000000000000000000000000000000000000000219320000000000219320000000000000000000000000000002508202526082025            000000000000000                              000                           
0010001300045T 0601897X0000000092096 24778822500001911   700000000000191129082025000000000021321756046910000001911                0900000000000010100000000000000000000000000000000000000   000000000000000000000000004        170192477882     
0010001300046U 060000000000000000000000000000000000000000000000000000000000000000000000213210000000000213210000000000000000000000000000002508202526082025            000000000000000                              000                           
0010001300047T 0601897X0000000092096 24778822500001971   700000000000197129082025000000000020243001051268000001971                0900000000000010080000000000000000000000000000000000000   000000000000000000000000003        170192477882     
0010001300048U 060000000000000000000000000000000000000000000000000000000000000000000000202430000000000202430000000000000000000000000000002508202526082025            000000000000000                              000                           
0010001300049T 0601897X0000000092096 24778822500002200   700000000000220029082025000000000021958033001940000002200                0900000000000010100000000000000000000000000000000000000   000000000000000000000000004        170192477882     
0010001300050U 060000000000000000000000000000000000000000000000000000000000000000000000219580000000000219580000000000000000000000000000002508202526082025            000000000000000                              000                           
0010001300051T 0601897X0000000092096 24778822500002220   700000000000222029082025000000000021958341009100000002220                0900000000000010100000000000000000000000000000000000000   000000000000000000000000004        170192477882     
0010001300052U 060000000000000000000000000000000000000000000000000000000000000000000000219580000000000219580000000000000000000000000000002508202526082025            000000000000000                              000                           
0010001300053T 0601897X0000000092096 24778822500002304   700000000000230429082025000000000021399237002150000002304                0900000000000010100000000000000000000000000000000000000   000000000000000000000000004        170192477882     
0010001300054U 060000000000000000000000000000000000000000000000000000000000000000000000213990000000000213990000000000000000000000000000002508202526082025            000000000000000                              000                           
0010001300055T 0601897X0000000092096 24778822500002328   700000000000232829082025000000000021176748053430000002328                0900000000000010100000000000000000000000000000000000000   000000000000000000000000004        170192477882     
0010001300056U 060000000000000000000000000000000000000000000000000000000000000000000000211760000000000211760000000000000000000000000000002508202526082025            000000000000000                              000                           
0010001300057T 0601897X0000000092096 24778822500002356   700000000000235629082025000000000021021237033890000002356                0900000000000010100000000000000000000000000000000000000   000000000000000000000000004        170192477882     
0010001300058U 060000000000000000000000000000000000000000000000000000000000000000000000210210000000000210210000000000000000000000000000002508202526082025            000000000000000                              000                           
0010001300059T 0601897X0000000092096 24778822500002404   700000000000240429082025000000000020494104039660000002404                0900000000000010100000000000000000000000000000000000000   000000000000000000000000004        170192477882     
0010001300060U 060000000000000000000000000000000000000000000000000000000000000000000000204940000000000204940000000000000000000000000000002508202526082025            000000000000000                              000                           
0010001300061T 0601897X0000000092096 24778822500002505   700000000000250529082025000000000023421341023500000002505                0900000000000010100000000000000000000000000000000000000   000000000000000000000000004        170192477882     
0010001300062U 060000000000000000000000000000000000000000000000000000000000000000000000234210000000000234210000000000000000000000000000002508202526082025            000000000000000                              000                           
0010001300063T 0601897X0000000092096 24778822500002565   700000000000256529082025000000000022543033036440000002565                0900000000000010100000000000000000000000000000000000000   000000000000000000000000004        170192477882     
0010001300064U 060000000000000000000000000000000000000000000000000000000000000000000000225430000000000225430000000000000000000000000000002508202526082025            000000000000000                              000                           
0010001300065T 0601897X0000000092096 24778822500002580   700000000000258029082025000000000022250237000970000002580                0900000000000010100000000000000000000000000000000000000   000000000000000000000000004        170192477882     
0010001300066U 060000000000000000000000000000000000000000000000000000000000000000000000222500000000000222500000000000000000000000000000002508202526082025            000000000000000                              000                           
0010001300067T 0601897X0000000092096 24778822500002615   700000000000261529082025000000000021933237033890000002615                0900000000000010100000000000000000000000000000000000000   000000000000000000000000004        170192477882     
0010001300068U 060000000000000000000000000000000000000000000000000000000000000000000000219330000000000219330000000000000000000000000000002508202526082025            000000000000000                              000                           
0010001300069T 0601897X0000000092096 24778822500002620   700000000000262029082025000000000021883341015630000002620                0900000000000010100000000000000000000000000000000000000   000000000000000000000000004        170192477882     
0010001300070U 060000000000000000000000000000000000000000000000000000000000000000000000218830000000000218830000000000000000000000000000002508202526082025            000000000000000                              000                           
0010001300071T 0601897X0000000092096 24778822500003243   700000000000324329082025000000000020103341005620000003243                0900000000000010100000000000000000000000000000000000000   000000000000000000000000004        170192477882     
0010001300072U 060000000000000000000000000000000000000000000000000000000000000000000000201030000000000201030000000000000000000000000000002508202526082025            000000000000000                              000                           
0010001300073T 0601897X0000000092096 24778822500003877   700000000000387729082025000000000250855341005460000003877                0900000000000010100000000000000000000000000000000000000   000000000000000000000000004        170192477882     
0010001300074U 060000000000000000000000000000000000000000000000000000000000000000000002508550000000002508550000000000000000000000000000002508202526082025            000000000000000                              000                           
0010001300075T 0601897X0000000092096 24778822500003975   700000000000397529082025000000000219665341007310000003975                0900000000000010100000000000000000000000000000000000000   000000000000000000000000004        170192477882     
0010001300076U 060000000000000000000000000000000000000000000000000000000000000000000002196650000000002196650000000000000000000000000000002508202526082025            000000000000000                              000                           
0010001300077T 0601897X0000000092096 24778822500004276   700000000000427629082025000000000142201341001690000004276                0900000000000010100000000000000000000000000000000000000   000000000000000000000000004        170192477882     
0010001300078U 060000000000000000000000000000000000000000000000000000000000000000000001422010000000001422010000000000000000000000000000002508202526082025            000000000000000                              000                           
0010001300079T 0601897X0000000092096 24778822500004500   700000000000450029082025000000000110415237014040000004500                0900000000000010100000000000000000000000000000000000000   000000000000000000000000004        170192477882     
0010001300080U 060000000000000000000000000000000000000000000000000000000000000000000001104150000000001104150000000000000000000000000000002508202526082025            000000000000000                              000                           
0010001300081T 0601897X0000000092096 24778822500004556   700000000000455629082025000000000104559341001690000004556                0900000000000010100000000000000000000000000000000000000   000000000000000000000000004        170192477882     
0010001300082U 060000000000000000000000000000000000000000000000000000000000000000000001045590000000001045590000000000000000000000000000002508202526082025            000000000000000                              000                           
0010001300083T 0601897X0000000092096 24778822500004962   700000000000496229082025000000000075379341001360000004962                0900000000000010100000000000000000000000000000000000000   000000000000000000000000004        170192477882     
0010001300084U 060000000000000000000000000000000000000000000000000000000000000000000000753790000000000753790000000000000000000000000000002508202526082025            000000000000000                              000                           
0010001300085T 0601897X0000000092096 24778822500004969   700000000000496929082025000000000075283237008920000004969                0900000000000010100000000000000000000000000000000000000   000000000000000000000000004        170192477882     
0010001300086U 060000000000000000000000000000000000000000000000000000000000000000000000752830000000000752830000000000000000000000000000002508202526082025            000000000000000                              000                           
0010001300087T 0601897X0000000092096 24778822500005214   700000000000521429082025000000000064084237070940000005214                0900000000000010100000000000000000000000000000000000000   000000000000000000000000004        170192477882     
0010001300088U 060000000000000000000000000000000000000000000000000000000000000000000000640840000000000640840000000000000000000000000000002508202526082025            000000000000000                              000                           
0010001300089T 0601897X0000000092096 24778822500005403   700000000000540329082025000000000058898001001678000005403                0900000000000010060000000000000000000000000000000000000   000000000000000000000000033        170192477882     
0010001300090U 060000000000000000000000000000000000000000000000000000000000000000000000588980000000000588980000000000000000000000000000002508202526082025            000000000000000                              000                           
0010001300091T 0601897X0000000092096 24778822500006061   700000000000606129082025000000000041719104039660000006061                0900000000000010100000000000000000000000000000000000000   000000000000000000000000004        170192477882     
0010001300092U 060000000000000000000000000000000000000000000000000000000000000000000000417190000000000417190000000000000000000000000000002508202526082025            000000000000000                              000                           
0010001300093T 0601897X0000000092096 24778822500006145   700000000000614529082025000000000040735756011310000006145                0900000000000010100000000000000000000000000000000000000   000000000000000000000000004        170192477882     
0010001300094U 060000000000000000000000000000000000000000000000000000000000000000000000407350000000000407350000000000000000000000000000002508202526082025            000000000000000                              000                           
0010001300095T 0601897X0000000092096 24778822500006173   700000000000617329082025000000000040151341005460000006173                0900000000000010100000000000000000000000000000000000000   000000000000000000000000004        170192477882     
0010001300096U 060000000000000000000000000000000000000000000000000000000000000000000000401510000000000401510000000000000000000000000000002508202526082025            000000000000000                              000                           
0010001300097T 0601897X0000000092096 24778822500006313   700000000000631329082025000000000037641341003010000006313                0900000000000010100000000000000000000000000000000000000   000000000000000000000000004        170192477882     
0010001300098U 060000000000000000000000000000000000000000000000000000000000000000000000376410000000000376410000000000000000000000000000002508202526082025            000000000000000                              000                           
0010001300099T 0601897X0000000092096 24778822500006355   700000000000635529082025000000000036621104003320000006355                0900000000000010100000000000000000000000000000000000000   000000000000000000000000004        170192477882     
0010001300100U 060000000000000000000000000000000000000000000000000000000000000000000000366210000000000366210000000000000000000000000000002508202526082025            000000000000000                              000                           
0010001300101T 0601897X0000000092096 24778822500006544   700000000000654429082025000000000033877033039120000006544                0900000000000010100000000000000000000000000000000000000   000000000000000000000000004        170192477882     
0010001300102U 060000000000000000000000000000000000000000000000000000000000000000000000338770000000000338770000000000000000000000000000002508202526082025            000000000000000                              000                           
0010001300103T 0601897X0000000092096 24778822500006558   700000000000655829082025000000000033877756020970000006558                0900000000000010100000000000000000000000000000000000000   000000000000000000000000004        170192477882     
0010001300104U 060000000000000000000000000000000000000000000000000000000000000000000000338770000000000338770000000000000000000000000000002508202526082025            000000000000000                              000                           
0010001300105T 0601897X0000000092096 24778822500006586   700000000000658629082025000000000033597341026900000006586                0900000000000010100000000000000000000000000000000000000   000000000000000000000000004        170192477882     
0010001300106U 060000000000000000000000000000000000000000000000000000000000000000000000335970000000000335970000000000000000000000000000002508202526082025            000000000000000                              000                           
0010001300107T 0601897X0000000092096 24778822500006642   700000000000664229082025000000000033459341083970000006642                0900000000000010100000000000000000000000000000000000000   000000000000000000000000004        170192477882     
0010001300108U 060000000000000000000000000000000000000000000000000000000000000000000000334590000000000334590000000000000000000000000000002508202526082025            000000000000000                              000                           
0010001300109T 0601897X0000000092096 24778822500006649   700000000000664929082025000000000033459033033160000006649                0900000000000010100000000000000000000000000000000000000   000000000000000000000000004        170192477882     
0010001300110U 060000000000000000000000000000000000000000000000000000000000000000000000334590000000000334590000000000000000000000000000002508202526082025            000000000000000                              000                           
0010001300111T 0601897X0000000092096 24778822500006691   700000000000669129082025000000000032982237029350000006691                0900000000000010100000000000000000000000000000000000000   000000000000000000000000004        170192477882     
0010001300112U 060000000000000000000000000000000000000000000000000000000000000000000000329820000000000329820000000000000000000000000000002508202526082025            000000000000000                              000                           
0010001300113T 0601897X0000000092096 24778822500006726   700000000000672629082025000000000032623756013660000006726                0900000000000010100000000000000000000000000000000000000   000000000000000000000000004        170192477882     
0010001300114U 060000000000000000000000000000000000000000000000000000000000000000000000326230000000000326230000000000000000000000000000002508202526082025            000000000000000                              000                           
0010001300115T 0601897X0000000092096 24778822500006768   700000000000676829082025000000000032271341001960000006768                0900000000000010100000000000000000000000000000000000000   000000000000000000000000004        170192477882     
0010001300116U 060000000000000000000000000000000000000000000000000000000000000000000000322710000000000322710000000000000000000000000000002508202526082025            000000000000000                              000                           
0010001300117T 0601897X0000000092096 24778822500006803   700000000000680329082025000000000031974341048970000006803                0900000000000010100000000000000000000000000000000000000   000000000000000000000000004        170192477882     
0010001300118U 060000000000000000000000000000000000000000000000000000000000000000000000319740000000000319740000000000000000000000000000002508202526082025            000000000000000                              000                           
0010001300119T 0601897X0000000092096 24778822500006957   700000000000695729082025000000000030197237003160000006957                0900000000000010100000000000000000000000000000000000000   000000000000000000000000004        170192477882     
0010001300120U 060000000000000000000000000000000000000000000000000000000000000000000000301970000000000301970000000000000000000000000000002508202526082025            000000000000000                              000                           
0010001300121T 0601897X0000000092096 24778822500006999   700000000000699929082025000000000029862509000010000006999                0900000000000010100000000000000000000000000000000000000   000000000000000000000000004        170192477882     
0010001300122U 060000000000000000000000000000000000000000000000000000000000000000000000298620000000000298620000000000000000000000000000002508202526082025            000000000000000                              000                           
0010001300123T 0601897X0000000092096 24778822500007076   700000000000707629082025000000000029277756038430000007076                0900000000000010100000000000000000000000000000000000000   000000000000000000000000004        170192477882     
0010001300124U 060000000000000000000000000000000000000000000000000000000000000000000000292770000000000292770000000000000000000000000000002508202526082025            000000000000000                              000                           
0010001300125T 0601897X0000000092096 24778822500007419   700000000000741929082025000000000025057033000900000007419                0900000000000010100000000000000000000000000000000000000   000000000000000000000000004        170192477882     
0010001300126U 060000000000000000000000000000000000000000000000000000000000000000000000250570000000000250570000000000000000000000000000002508202526082025            000000000000000                              000                           
0010001300127T 0601897X0000000092096 24778822500007482   700000000000748229082025000000000024467341004670000007482                0900000000000010100000000000000000000000000000000000000   000000000000000000000000004        170192477882     
0010001300128U 060000000000000000000000000000000000000000000000000000000000000000000000244670000000000244670000000000000000000000000000002508202526082025            000000000000000                              000                           
0010001300129T 0601897X0000000092096 24778822500007720   700000000000772029082025000000000022083341026460000007720                0900000000000010100000000000000000000000000000000000000   000000000000000000000000004        170192477882     
0010001300130U 060000000000000000000000000000000000000000000000000000000000000000000000220830000000000220830000000000000000000000000000002508202526082025            000000000000000                              000                           
0010001300131T 0601897X0000000092096 24778822500007762   700000000000776229082025000000000021770341000110000007762                0900000000000010100000000000000000000000000000000000000   000000000000000000000000004        170192477882     
0010001300132U 060000000000000000000000000000000000000000000000000000000000000000000000217700000000000217700000000000000000000000000000002508202526082025            000000000000000                              000                           
0010001300133T 0601897X0000000092096 24778829000008559   7000008559      29082025000000000098206341048970000008559                0900000000000010100000000000000000000000000000000000000   000000000000000000000000004        170192477882     
0010001300134U 060000000000000000000000000000000000000000000000000000000000000000000000982060000000000982060000000000000000000000000000002508202526082025            000000000000000                              000                           
0010001300135T 0601897X0000000092096 24778829000008736   7000008736      2908202500000000014246700103360X000008736                0900000000000010040000000000000000000000000000000000000   000000000000000000000000034        170192477882     
0010001300136U 060000000000000000000000000000000000000000000000000000000000000000000001424670000000001424670000000000000000000000000000002508202526082025            000000000000000                              000                           
0010001300137T 0601897X0000000092096 24778829000008755   7000008755      29082025000000000170809237000970000008755                0900000000000010100000000000000000000000000000000000000   000000000000000000000000004        170192477882     
0010001300138U 060000000000000000000000000000000000000000000000000000000000000000000001708090000000001708090000000000000000000000000000002508202526082025            000000000000000                              000                           
0010001300139T 0901897X0000000092096 24778822500006432   700000000000643229082025000000000035640001009946000006432                0900000000000000000000000000000000000000000000000000000   000000000000000000000039010        170192477882     
0010001300140U 090000000000000000000000000000000000000000000000000000000000000000000000000000000000000000000000000000000000000000000000002508202500000000            000000000000000                              000                           
0010001300141T 0901897X0000000092096 24778822500006433   700000000000643330092025000000000035640001009946000006433                0900000000000000000000000000000000000000000000000000000   000000000000000000000039010        170192477882     
0010001300142U 090000000000000000000000000000000000000000000000000000000000000000000000000000000000000000000000000000000000000000000000002508202500000000            000000000000000                              000                           
0010001300143T 0901897X0000000092096 24778822500006434   700000000000643431102025000000000035640001009946000006434                0900000000000000000000000000000000000000000000000000000   000000000000000000000039010        170192477882     
0010001300144U 090000000000000000000000000000000000000000000000000000000000000000000000000000000000000000000000000000000000000000000000002508202500000000            000000000000000                              000                           
0010001300145T 0901897X0000000092096 24778822500006435   700000000000643528112025000000000035640001009946000006435                0900000000000000000000000000000000000000000000000000000   000000000000000000000039010        170192477882     
0010001300146U 090000000000000000000000000000000000000000000000000000000000000000000000000000000000000000000000000000000000000000000000002508202500000000            000000000000000                              000                           
0010001300147T 0901897X0000000092096 24778822500006436   700000000000643619122025000000000035640001009946000006436                0900000000000000000000000000000000000000000000000000000   000000000000000000000039010        170192477882     
0010001300148U 090000000000000000000000000000000000000000000000000000000000000000000000000000000000000000000000000000000000000000000000002508202500000000            000000000000000                              000                           
00100015         000150004548000000013715597810000000000000000000000000000000000000000000000000000000000000000000000000000000000000000000000000000                                                                                              
00199999         000001000152000000                                                                                                                                                            00000000000000000000000000000                    
