00100000         2115139610001160024778820014       01897X0000000092096 FUNDACAO AGENCIA DAS BACIAS HIBANCO DO BRASIL                         23004202502073500603703000000829973081PROCESSAMEN                                                 
00100011T0100020 20115139610001160024778820014       01897X0000000092096 FUNDACAO AGENCIA DAS BACIAS HI                                                                                000000003004202500000000  000000000                      
0010001300001T 0201897X0000000092096 24778829000008567   7000008567      30052025000000000087135001066583000008567                0900000000000010500000000000000000000000000000000000000   0000000000000000000000519A9A4      170192477882     
0010001300002U 020000000000000000000000000000000000000000000000000000000000000000000000000000000000000000000000000000000000000000000000003004202500000000            000000000000000                              000                           
0010001300003T 0201897X0000000092096 24778829000008568   7000008568      30062025000000000087135001066583000008568                0900000000000010500000000000000000000000000000000000000   0000000000000000000000519A9A4      170192477882     
0010001300004U 020000000000000000000000000000000000000000000000000000000000000000000000000000000000000000000000000000000000000000000000003004202500000000            000000000000000                              000                           
0010001300005T 0201897X0000000092096 24778829000008569   7000008569      31072025000000000087135001066583000008569                0900000000000010500000000000000000000000000000000000000   0000000000000000000000519A9A4      170192477882     
0010001300006U 020000000000000000000000000000000000000000000000000000000000000000000000000000000000000000000000000000000000000000000000003004202500000000            000000000000000                              000                           
0010001300007T 0201897X0000000092096 24778829000008570   7000008570      29082025000000000087135001066583000008570                0900000000000010500000000000000000000000000000000000000   0000000000000000000000519A9A4      170192477882     
0010001300008U 020000000000000000000000000000000000000000000000000000000000000000000000000000000000000000000000000000000000000000000000003004202500000000            000000000000000                              000                           
0010001300009T 0601897X0000000092096 24778829000008118   7000008118      30042025000000000201277341091830000008118                0900000000000010100000000000000000000000000000000000000   000000000000000000000000004        170192477882     
0010001300010U 060000000000000000000000000000000000000000000000000000000000000000000002012770000000002012770000000000000000000000000000003004202502052025            000000000000000                              000                           
0010001300011T 0601897X0000000092096 24778829000008291   7000008291      30042025000000000078409341000500000008291                0900000000000010100000000000000000000000000000000000000   000000000000000000000000004        170192477882     
0010001300012U 060000000000000000000000000000000000000000000000000000000000000000000000784090000000000784090000000000000000000000000000003004202502052025            000000000000000                              000                           
0010001300013T 0601897X0000000092096 24778829000008304   7000008304      30042025000000000053035237033710000008304                0900000000000010100000000000000000000000000000000000000   000000000000000000000000004        170192477882     
0010001300014U 060000000000000000000000000000000000000000000000000000000000000000000000530350000000000530350000000000000000000000000000003004202502052025            000000000000000                              000                           
0010001300015T 0601897X0000000092096 24778829000008423   7000008423      30042025000000009000000104003410000008423                0900000000000010100000000000000000000000000000000000000   000000000000000000000000004        170192477882     
0010001300016U 060000000000000000000000000000000000000000000000000000000000000000000090000000000000090000000000000000000000000000000000003004202502052025            000000000000000                              000                           
0010001300017T 0601897X0000000092096 24778829000008429   7000008429      30042025000000001970464104019380000008429                0900000000000010100000000000000000000000000000000000000   000000000000000000000000004        170192477882     
0010001300018U 060000000000000000000000000000000000000000000000000000000000000000000019704640000000019704640000000000000000000000000000003004202502052025            000000000000000                              000                           
0010001300019T 0601897X0000000092096 24778829000008503   7000008503      30042025000000000103480237001900000008503                0900000000000010100000000000000000000000000000000000000   000000000000000000000000004        170192477882     
0010001300020U 060000000000000000000000000000000000000000000000000000000000000000000001034800000000001034800000000000000000000000000000003004202502052025            000000000000000                              000                           
0010001300021T 0601897X0000000092096 24778829000008515   7000008515      30042025000000001496764033048780000008515                0900000000000010100000000000000000000000000000000000000   000000000000000000000000004        170192477882     
0010001300022U 060000000000000000000000000000000000000000000000000000000000000000000014967640000000014967640000000000000000000000000000003004202502052025            000000000000000                              000                           
0010001300023T 0601897X0000000092096 24778829000008519   7000008519      30042025000000000068818237014970000008519                0900000000000010100000000000000000000000000000000000000   000000000000000000000000004        170192477882     
0010001300024U 060000000000000000000000000000000000000000000000000000000000000000000000688180000000000688180000000000000000000000000000003004202502052025            000000000000000                              000                           
0010001300025T 0601897X0000000092096 24778829000008524   7000008524      30042025000000000090088033022360000008524                0900000000000010100000000000000000000000000000000000000   000000000000000000000000004        170192477882     
0010001300026U 060000000000000000000000000000000000000000000000000000000000000000000000900880000000000900880000000000000000000000000000003004202502052025            000000000000000                              000                           
0010001300027T 0601897X0000000092096 24778829000008534   7000008534      30042025000000000210698341074310000008534                0900000000000010100000000000000000000000000000000000000   000000000000000000000000004        170192477882     
0010001300028U 060000000000000000000000000000000000000000000000000000000000000000000002106980000000002106980000000000000000000000000000003004202502052025            000000000000000                              000                           
0010001300029T 0601897X0000000092096 24778829000008539   7000008539      30042025000000000754151341009120000008539                0900000000000010100000000000000000000000000000000000000   000000000000000000000000004        170192477882     
0010001300030U 060000000000000000000000000000000000000000000000000000000000000000000007541510000000007541510000000000000000000000000000003004202502052025            000000000000000                              000                           
0010001300031T 0601897X0000000092096 24778829000008542   7000008542      30042025000000000662829341009120000008542                0900000000000010100000000000000000000000000000000000000   000000000000000000000000004        170192477882     
0010001300032U 060000000000000000000000000000000000000000000000000000000000000000000006628290000000006628290000000000000000000000000000003004202502052025            000000000000000                              000                           
0010001300033T 0601897X0000000092096 24778829000008543   7000008543      30042025000000000771971745000010000008543                0900000000000010100000000000000000000000000000000000000   000000000000000000000000004        170192477882     
0010001300034U 060000000000000000000000000000000000000000000000000000000000000000000007719710000000007719710000000000000000000000000000003004202502052025            000000000000000                              000                           
0010001300035T 0601897X0000000092096 24778829000008553   7000008553      30042025000000000207733033037420000008553                0900000000000010100000000000000000000000000000000000000   000000000000000000000000004        170192477882     
0010001300036U 060000000000000000000000000000000000000000000000000000000000000000000002077330000000002077330000000000000000000000000000003004202502052025            000000000000000                              000                           
00100015         000038000053000000000291864400000000000000000000000000000000000000000000000000000000000000000000000000000000000000000000000000000                                                                                              
00199999         000001000040000000                                                                                                                                                            00000000000000000000000000000                    
