00100000         2115139610001160024778820014       01897X0000000092096 FUNDACAO AGENCIA DAS BACIAS HIBANCO DO BRASIL                         22702202502105200596803000000829973081PROCESSAMEN                                                 
00100011T0100020 20115139610001160024778820014       01897X0000000092096 FUNDACAO AGENCIA DAS BACIAS HI                                                                                000000002702202500000000  000000000                      
0010001300001T 0601897X0000000092096 24778829000008116   7000008116      28022025000000000201277341091830000008116                0900000000000010100000000000000000000000000000000000000   000000000000000000000000004        170192477882     
0010001300002U 060000000000000000000000000000000000000000000000000000000000000000000002012770000000002012770000000000000000000000000000002702202528022025            000000000000000                              000                           
0010001300003T 0601897X0000000092096 24778829000008461   7000008461      28022025000000000051722237003220000008461                0900000000000010100000000000000000000000000000000000000   000000000000000000000000004        170192477882     
0010001300004U 060000000000000000000000000000000000000000000000000000000000000000000000517220000000000517220000000000000000000000000000002702202528022025            000000000000000                              000                           
00100015         000006000050000000000639023470000000000000000000000000000000000000000000000000000000000000000000000000000000000000000000000000000                                                                                              
00199999         000001000008000000                                                                                                                                                            00000000000000000000000000000                    
