00100000         2115139610001160024778820014       01897X0000000092096 FUNDACAO AGENCIA DAS BACIAS HIBANCO DO BRASIL                         21606202502125400609703000000829973081PROCESSAMEN                                                 
00100011T0100020 20115139610001160024778820014       01897X0000000092096 FUNDACAO AGENCIA DAS BACIAS HI                                                                                000000001606202500000000  000000000                      
0010001300001T 0201897X0000000092096 24778829000008623   7000008623      30062025000000000108164001009296000008623                0900000000000010000000000000000000000000000000000000000   0000000000000000000000519A9        170192477882     
0010001300002U 020000000000000000000000000000000000000000000000000000000000000000000000000000000000000000000000000000000000000000000000001606202500000000            000000000000000                              000                           
0010001300003T 0201897X0000000092096 24778829000008624   7000008624      30062025000000000477217001003018000008624                0900000000000010500000000000000000000000000000000000000   0000000000000000000000519A9A4      170192477882     
0010001300004U 020000000000000000000000000000000000000000000000000000000000000000000000000000000000000000000000000000000000000000000000001606202500000000            000000000000000                              000                           
0010001300005T 0201897X0000000092096 24778829000008625   7000008625      30062025000000000017325001023248000008625                0900000000000010500000000000000000000000000000000000000   0000000000000000000000519A9A4      170192477882     
0010001300006U 020000000000000000000000000000000000000000000000000000000000000000000000000000000000000000000000000000000000000000000000001606202500000000            000000000000000                              000                           
0010001300007T 0201897X0000000092096 24778829000008626   7000008626      31072025000000000017325001023248000008626                0900000000000010500000000000000000000000000000000000000   0000000000000000000000519A9A4      170192477882     
0010001300008U 020000000000000000000000000000000000000000000000000000000000000000000000000000000000000000000000000000000000000000000000001606202500000000            000000000000000                              000                           
0010001300009T 0201897X0000000092096 24778829000008627   7000008627      30062025000000000044221001004154000008627                0900000000000010500000000000000000000000000000000000000   0000000000000000000000519A9A4      170192477882     
0010001300010U 020000000000000000000000000000000000000000000000000000000000000000000000000000000000000000000000000000000000000000000000001606202500000000            000000000000000                              000                           
0010001300011T 0601897X0000000092096 24778822500000042   700000000000004230062025000000000323506341009100000000042                0900000000000010100000000000000000000000000000000000000   000000000000000000000000004        170192477882     
0010001300012U 060000000000000000000000000000000000000000000000000000000000000000000003235060000000003235060000000000000000000000000000001606202517062025            000000000000000                              000                           
0010001300013T 0601897X0000000092096 24778822500000043   700000000000004330062025000000000323506341009100000000043                0900000000000010100000000000000000000000000000000000000   000000000000000000000000004        170192477882     
0010001300014U 060000000000000000000000000000000000000000000000000000000000000000000003235060000000003235060000000000000000000000000000001606202517062025            000000000000000                              000                           
0010001300015T 0601897X0000000092096 24778822500000066   700000000000006630062025000000000226455341009100000000066                0900000000000010100000000000000000000000000000000000000   000000000000000000000000004        170192477882     
0010001300016U 060000000000000000000000000000000000000000000000000000000000000000000002264550000000002264550000000000000000000000000000001606202517062025            000000000000000                              000                           
0010001300017T 0601897X0000000092096 24778822500000087   700000000000008730062025000000000171777745000040000000087                0900000000000010100000000000000000000000000000000000000   000000000000000000000000004        170192477882     
0010001300018U 060000000000000000000000000000000000000000000000000000000000000000000001717770000000001717770000000000000000000000000000001606202517062025            000000000000000                              000                           
0010001300019T 0601897X0000000092096 24778822500000645   700000000000064530062025000000000024885104047920000000645                0900000000000010100000000000000000000000000000000000000   000000000000000000000000004        170192477882     
0010001300020U 060000000000000000000000000000000000000000000000000000000000000000000000248850000000000248850000000000000000000000000000001606202517062025            000000000000000                              000                           
0010001300021T 0601897X0000000092096 24778822500000848   700000000000084830062025000000000018211237003150000000848                0900000000000010100000000000000000000000000000000000000   000000000000000000000000004        170192477882     
0010001300022U 060000000000000000000000000000000000000000000000000000000000000000000000182110000000000182110000000000000000000000000000001606202517062025            000000000000000                              000                           
0010001300023T 0601897X0000000092096 24778822500001007   700000000000100730062025000000000008088341070210000001007                0900000000000010100000000000000000000000000000000000000   000000000000000000000000004        170192477882     
0010001300024U 060000000000000000000000000000000000000000000000000000000000000000000000080880000000000080880000000000000000000000000000001606202517062025            000000000000000                              000                           
0010001300025T 0601897X0000000092096 24778822500003483   700000000000348330062025000000001225190341018280000003483                0900000000000010100000000000000000000000000000000000000   000000000000000000000000004        170192477882     
0010001300026U 060000000000000000000000000000000000000000000000000000000000000000000012251900000000012251900000000000000000000000000000001606202517062025            000000000000000                              000                           
0010001300027T 0601897X0000000092096 24778822500003931   700000000000393130062025000000000226512237030410000003931                0900000000000010100000000000000000000000000000000000000   000000000000000000000000004        170192477882     
0010001300028U 060000000000000000000000000000000000000000000000000000000000000000000002265120000000002265120000000000000000000000000000001606202517062025            000000000000000                              000                           
0010001300029T 0601897X0000000092096 24778822500005002   700000000000500230062025000000000074837033046050000005002                0900000000000010100000000000000000000000000000000000000   000000000000000000000000004        170192477882     
0010001300030U 060000000000000000000000000000000000000000000000000000000000000000000000748370000000000748370000000000000000000000000000001606202517062025            000000000000000                              000                           
0010001300031T 0601897X0000000092096 24778822500005863   700000000000586330062025000000000045050033047420000005863                0900000000000010100000000000000000000000000000000000000   000000000000000000000000004        170192477882     
0010001300032U 060000000000000000000000000000000000000000000000000000000000000000000000450500000000000450500000000000000000000000000000001606202517062025            000000000000000                              000                           
0010001300033T 0601897X0000000092096 24778822500006493   700000000000649330062025000000000034440237019150000006493                0900000000000010100000000000000000000000000000000000000   000000000000000000000000004        170192477882     
0010001300034U 060000000000000000000000000000000000000000000000000000000000000000000000344400000000000344400000000000000000000000000000001606202517062025            000000000000000                              000                           
0010001300035T 0601897X0000000092096 24778822500006892   700000000000689230062025000000000031366001009903000006892                0900000000000010060000000000000000000000000000000000000   000000000000000000000000033        170192477882     
0010001300036U 060000000000000000000000000000000000000000000000000000000000000000000000313660000000000313660000000000000000000000000000001606202517062025            000000000000000                              000                           
0010001300037T 0601897X0000000092096 24778822500007725   700000000000772530062025000000000022057341002800000007725                0900000000000010100000000000000000000000000000000000000   000000000000000000000000004        170192477882     
0010001300038U 060000000000000000000000000000000000000000000000000000000000000000000000220570000000000220570000000000000000000000000000001606202517062025            000000000000000                              000                           
0010001300039T 0901897X0000000092096 24778822500002638   700000000000263830062025000000000021632001009296000002638                0900000000000000000000000000000000000000000000000000000   000000000000000000000039010        170192477882     
0010001300040U 090000000000000000000000000000000000000000000000000000000000000000000000000000000000000000000000000000000000000000000000001606202500000000            000000000000000                              000                           
0010001300041T 0901897X0000000092096 24778822500002639   700000000000263931072025000000000021633001009296000002639                0900000000000000000000000000000000000000000000000000000   000000000000000000000039010        170192477882     
0010001300042U 090000000000000000000000000000000000000000000000000000000000000000000000000000000000000000000000000000000000000000000000001606202500000000            000000000000000                              000                           
0010001300043T 0901897X0000000092096 24778822500002640   700000000000264029082025000000000021633001009296000002640                0900000000000000000000000000000000000000000000000000000   000000000000000000000039010        170192477882     
0010001300044U 090000000000000000000000000000000000000000000000000000000000000000000000000000000000000000000000000000000000000000000000001606202500000000            000000000000000                              000                           
0010001300045T 0901897X0000000092096 24778822500002641   700000000000264130092025000000000021633001009296000002641                0900000000000000000000000000000000000000000000000000000   000000000000000000000039010        170192477882     
0010001300046U 090000000000000000000000000000000000000000000000000000000000000000000000000000000000000000000000000000000000000000000000001606202500000000            000000000000000                              000                           
0010001300047T 0901897X0000000092096 24778822500002642   700000000000264231102025000000000021633001009296000002642                0900000000000000000000000000000000000000000000000000000   000000000000000000000039010        170192477882     
0010001300048U 090000000000000000000000000000000000000000000000000000000000000000000000000000000000000000000000000000000000000000000000001606202500000000            000000000000000                              000                           
0010001300049T 0901897X0000000092096 24778822500005114   700000000000511430062025000000000068173001043036000005114                0900000000000000000000000000000000000000000000000000000   000000000000000000000039010        170192477882     
0010001300050U 090000000000000000000000000000000000000000000000000000000000000000000000000000000000000000000000000000000000000000000000001606202500000000            000000000000000                              000                           
0010001300051T 0901897X0000000092096 24778822500005115   700000000000511531072025000000000068174001043036000005115                0900000000000000000000000000000000000000000000000000000   000000000000000000000039010        170192477882     
0010001300052U 090000000000000000000000000000000000000000000000000000000000000000000000000000000000000000000000000000000000000000000000001606202500000000            000000000000000                              000                           
0010001300053T 0901897X0000000092096 24778822500005116   700000000000511629082025000000000068174001043036000005116                0900000000000000000000000000000000000000000000000000000   000000000000000000000039010        170192477882     
0010001300054U 090000000000000000000000000000000000000000000000000000000000000000000000000000000000000000000000000000000000000000000000001606202500000000            000000000000000                              000                           
0010001300055T 0901897X0000000092096 24778822500005117   700000000000511730092025000000000068174001043036000005117                0900000000000000000000000000000000000000000000000000000   000000000000000000000039010        170192477882     
0010001300056U 090000000000000000000000000000000000000000000000000000000000000000000000000000000000000000000000000000000000000000000000001606202500000000            000000000000000                              000                           
0010001300057T 0901897X0000000092096 24778822500005118   700000000000511831102025000000000068174001043036000005118                0900000000000000000000000000000000000000000000000000000   000000000000000000000039010        170192477882     
0010001300058U 090000000000000000000000000000000000000000000000000000000000000000000000000000000000000000000000000000000000000000000000001606202500000000            000000000000000                              000                           
0010001300059T 0901897X0000000092096 24778822500005119   700000000000511928112025000000000068174001043036000005119                0900000000000000000000000000000000000000000000000000000   000000000000000000000039010        170192477882     
0010001300060U 090000000000000000000000000000000000000000000000000000000000000000000000000000000000000000000000000000000000000000000000001606202500000000            000000000000000                              000                           
0010001300061T 0901897X0000000092096 24778822500005120   700000000000512019122025000000000068174001043036000005120                0900000000000000000000000000000000000000000000000000000   000000000000000000000039010        170192477882     
0010001300062U 090000000000000000000000000000000000000000000000000000000000000000000000000000000000000000000000000000000000000000000000001606202500000000            000000000000000                              000                           
0010001300063T 1401897X0000000092096 24778822500000059   700000000000005911072025000000000248007001003190000000059                0900000000000000000000000000000000000000000000000000000   000000000000000000000000000        170192477882     
0010001300064U 140000000000000000000000000000000000000000000000000000000000000000000000000000000000000000000000000000000000000000000000001606202500000000            000000000000000                              000                           
00100015         000066008079000000021682406180000000000000000000000000000000000000000000000000000000000000000000000000000000000000000000000000000                                                                                              
00199999         000001000068000000                                                                                                                                                            00000000000000000000000000000                    
