00100000         2115139610001160024778820014       01897X0000000092096 FUNDACAO AGENCIA DAS BACIAS HIBANCO DO BRASIL                         22008202502035400618903000000829973081PROCESSAMEN                                                 
00100011T0100020 20115139610001160024778820014       01897X0000000092096 FUNDACAO AGENCIA DAS BACIAS HI                                                                                000000002008202500000000  000000000                      
0010001300001T 0201897X0000000092096 24778829000008779   7000008779      29082025000000000103924001000566000008779                0900000000000010500000000000000000000000000000000000000   0000000000000000000000519A9A4      170192477882     
0010001300002U 020000000000000000000000000000000000000000000000000000000000000000000000000000000000000000000000000000000000000000000000002008202500000000            000000000000000                              000                           
0010001300003T 0601897X0000000092096 24778822500001850   700000000000185031072025000000000021958104002980000001850                0900000000000010100000000000000000000000000000000000000   000000000000000000000000004        170192477882     
0010001300004U 060000000000005850000000000000000000000000000000000000000000000000000000225430000000000225430000000000000000000000000000002008202521082025            000000000000000                              000                           
0010001300005T 0601897X0000000092096 24778822500001851   700000000000185129082025000000000021958104002980000001851                0900000000000010100000000000000000000000000000000000000   000000000000000000000000004        170192477882     
0010001300006U 060000000000000000000000000000000000000000000000000000000000000000000000219580000000000219580000000000000000000000000000002008202521082025            000000000000000                              000                           
0010001300007T 0601897X0000000092096 24778822500002332   700000000000233229082025000000000021105341000190000002332                0900000000000010100000000000000000000000000000000000000   000000000000000000000000004        170192477882     
0010001300008U 060000000000000000000000000000000000000000000000000000000000000000000000211050000000000211050000000000000000000000000000002008202521082025            000000000000000                              000                           
0010001300009T 0601897X0000000092096 24778822500003039   700000000000303929082025000000000021567033002850000003039                0900000000000010100000000000000000000000000000000000000   000000000000000000000000004        170192477882     
0010001300010U 060000000000000000000000000000000000000000000000000000000000000000000000215670000000000215670000000000000000000000000000002008202521082025            000000000000000                              000                           
0010001300011T 0601897X0000000092096 24778822500003303   700000000000330329082025000000008608101104030800000003303                0900000000000010100000000000000000000000000000000000000   000000000000000000000000004        170192477882     
0010001300012U 060000000000000000000000000000000000000000000000000000000000000000000086081010000000086081010000000000000000000000000000002008202521082025            000000000000000                              000                           
0010001300013T 0601897X0000000092096 24778822500003310   700000000000331029082025000000007759013104030800000003310                0900000000000010100000000000000000000000000000000000000   000000000000000000000000004        170192477882     
0010001300014U 060000000000000000000000000000000000000000000000000000000000000000000077590130000000077590130000000000000000000000000000002008202521082025            000000000000000                              000                           
0010001300015T 0601897X0000000092096 24778822500003492   700000000000349229082025000000001161675104030800000003492                0900000000000010100000000000000000000000000000000000000   000000000000000000000000004        170192477882     
0010001300016U 060000000000000000000000000000000000000000000000000000000000000000000011616750000000011616750000000000000000000000000000002008202521082025            000000000000000                              000                           
0010001300017T 0601897X0000000092096 24778822500004941   700000000000494129082025000000000077471033001780000004941                0900000000000010100000000000000000000000000000000000000   000000000000000000000000004        170192477882     
0010001300018U 060000000000000000000000000000000000000000000000000000000000000000000000774710000000000774710000000000000000000000000000002008202521082025            000000000000000                              000                           
0010001300019T 0601897X0000000092096 24778822500005368   700000000000536829082025000000000060226237029350000005368                0900000000000010100000000000000000000000000000000000000   000000000000000000000000004        170192477882     
0010001300020U 060000000000000000000000000000000000000000000000000000000000000000000000602260000000000602260000000000000000000000000000002008202521082025            000000000000000                              000                           
0010001300021T 0601897X0000000092096 24778822500005949   700000000000594929082025000000000042515237013680000005949                0900000000000010100000000000000000000000000000000000000   000000000000000000000000004        170192477882     
0010001300022U 060000000000000000000000000000000000000000000000000000000000000000000000425150000000000425150000000000000000000000000000002008202521082025            000000000000000                              000                           
0010001300023T 0601897X0000000092096 24778822500006880   700000000000688029082025000000000031368033032440000006880                0900000000000010100000000000000000000000000000000000000   000000000000000000000000004        170192477882     
0010001300024U 060000000000000000000000000000000000000000000000000000000000000000000000313680000000000313680000000000000000000000000000002008202521082025            000000000000000                              000                           
0010001300025T 0601897X0000000092096 24778822500007069   700000000000706929082025000000000029277509000010000007069                0900000000000010100000000000000000000000000000000000000   000000000000000000000000004        170192477882     
0010001300026U 060000000000000000000000000000000000000000000000000000000000000000000000292770000000000292770000000000000000000000000000002008202521082025            000000000000000                              000                           
0010001300027T 0601897X0000000092096 24778822500007258   700000000000725829082025000000000026479341070210000007258                0900000000000010100000000000000000000000000000000000000   000000000000000000000000004        170192477882     
0010001300028U 060000000000000000000000000000000000000000000000000000000000000000000000264790000000000264790000000000000000000000000000002008202521082025            000000000000000                              000                           
0010001300029T 0601897X0000000092096 24778829000008724   7000008724      29082025000000000035151341070210000008724                0900000000000010100000000000000000000000000000000000000   000000000000000000000000004        170192477882     
0010001300030U 060000000000000000000000000000000000000000000000000000000000000000000000351510000000000351510000000000000000000000000000002008202521082025            000000000000000                              000                           
00100015         000032004603000000013706716070000000000000000000000000000000000000000000000000000000000000000000000000000000000000000000000000000                                                                                              
00199999         000001000034000000                                                                                                                                                            00000000000000000000000000000                    
