00100000         2115139610001160024778820014       01897X0000000092096 FUNDACAO AGENCIA DAS BACIAS HIBANCO DO BRASIL                         22606202502035500611103000000829973081PROCESSAMEN                                                 
00100011T0100020 20115139610001160024778820014       01897X0000000092096 FUNDACAO AGENCIA DAS BACIAS HI                                                                                000000002606202500000000  000000000                      
0010001300001T 0201897X0000000092096 24778829000008644   7000008644      30062025000000000060242001026565000008644                0900000000000010500000000000000000000000000000000000000   0000000000000000000000519A9A4      170192477882     
0010001300002U 020000000000000000000000000000000000000000000000000000000000000000000000000000000000000000000000000000000000000000000000002606202500000000            000000000000000                              000                           
0010001300003T 0201897X0000000092096 24778829000008645   7000008645      31072025000000000060242001026565000008645                0900000000000010500000000000000000000000000000000000000   0000000000000000000000519A9A4      170192477882     
0010001300004U 020000000000000000000000000000000000000000000000000000000000000000000000000000000000000000000000000000000000000000000000002606202500000000            000000000000000                              000                           
0010001300005T 0201897X0000000092096 24778829000008646   7000008646      29082025000000000060242001026565000008646                0900000000000010500000000000000000000000000000000000000   0000000000000000000000519A9A4      170192477882     
0010001300006U 020000000000000000000000000000000000000000000000000000000000000000000000000000000000000000000000000000000000000000000000002606202500000000            000000000000000                              000                           
0010001300007T 0201897X0000000092096 24778829000008647   7000008647      11072025000000002006343001003409000008647                0900000000000010500000000000000000000000000000000000000   0000000000000000000000519A9A4      170192477882     
0010001300008U 020000000000000000000000000000000000000000000000000000000000000000000000000000000000000000000000000000000000000000000000002606202500000000            000000000000000                              000                           
0010001300009T 0201897X0000000092096 24778829000008648   7000008648      11072025000000001912430001003409000008648                0900000000000010500000000000000000000000000000000000000   0000000000000000000000519A9A4      170192477882     
0010001300010U 020000000000000000000000000000000000000000000000000000000000000000000000000000000000000000000000000000000000000000000000002606202500000000            000000000000000                              000                           
0010001300011T 0201897X0000000092096 24778829000008649   7000008649      08072025000000000040468001009296000008649                0900000000000010500000000000000000000000000000000000000   0000000000000000000000519A9A4      170192477882     
0010001300012U 020000000000000000000000000000000000000000000000000000000000000000000000000000000000000000000000000000000000000000000000002606202500000000            000000000000000                              000                           
0010001300013T 0201897X0000000092096 24778829000008650   7000008650      30062025000000000022145001003018000008650                0900000000000010500000000000000000000000000000000000000   0000000000000000000000519A9A4      170192477882     
0010001300014U 020000000000000000000000000000000000000000000000000000000000000000000000000000000000000000000000000000000000000000000000002606202500000000            000000000000000                              000                           
0010001300015T 0201897X0000000092096 24778829000008651   7000008651      30062025000000000045146001003409000008651                0900000000000010000000000000000000000000000000000000000   0000000000000000000000519A9        170192477882     
0010001300016U 020000000000000000000000000000000000000000000000000000000000000000000000000000000000000000000000000000000000000000000000002606202500000000            000000000000000                              000                           
0010001300017T 0201897X0000000092096 24778829000008652   7000008652      30062025000000000237397001069833000008652                0900000000000010000000000000000000000000000000000000000   0000000000000000000000519A9        170192477882     
0010001300018U 020000000000000000000000000000000000000000000000000000000000000000000000000000000000000000000000000000000000000000000000002606202500000000            000000000000000                              000                           
0010001300019T 0601897X0000000092096 24778822500000021   700000000000002130062025000000000603145341009100000000021                0900000000000010100000000000000000000000000000000000000   000000000000000000000000004        170192477882     
0010001300020U 060000000000000000000000000000000000000000000000000000000000000000000006031450000000006031450000000000000000000000000000002606202527062025            000000000000000                              000                           
0010001300021T 0601897X0000000092096 24778822500000106   700000000000010630062025000000000144563341000460000000106                0900000000000010100000000000000000000000000000000000000   000000000000000000000000004        170192477882     
0010001300022U 060000000000000000000000000000000000000000000000000000000000000000000001445630000000001445630000000000000000000000000000002606202527062025            000000000000000                              000                           
0010001300023T 0601897X0000000092096 24778822500000163   700000000000016330062025000000000087830237034840000000163                0900000000000010100000000000000000000000000000000000000   000000000000000000000000004        170192477882     
0010001300024U 060000000000000000000000000000000000000000000000000000000000000000000000878300000000000878300000000000000000000000000000002606202527062025            000000000000000                              000                           
0010001300025T 0601897X0000000092096 24778822500000174   700000000000017430062025000000000077769033022710000000174                0900000000000010100000000000000000000000000000000000000   000000000000000000000000004        170192477882     
0010001300026U 060000000000000000000000000000000000000000000000000000000000000000000000777690000000000777690000000000000000000000000000002606202527062025            000000000000000                              000                           
0010001300027T 0601897X0000000092096 24778822500000187   700000000000018730062025000000000071882033022710000000187                0900000000000010100000000000000000000000000000000000000   000000000000000000000000004        170192477882     
0010001300028U 060000000000000000000000000000000000000000000000000000000000000000000000718820000000000718820000000000000000000000000000002606202527062025            000000000000000                              000                           
0010001300029T 0601897X0000000092096 24778822500000208   700000000000020830062025000000000060527341014030000000208                0900000000000010100000000000000000000000000000000000000   000000000000000000000000004        170192477882     
0010001300030U 060000000000000000000000000000000000000000000000000000000000000000000000605270000000000605270000000000000000000000000000002606202527062025            000000000000000                              000                           
0010001300031T 0601897X0000000092096 24778822500000212   700000000000021230062025000000000059285033022710000000212                0900000000000010100000000000000000000000000000000000000   000000000000000000000000004        170192477882     
0010001300032U 060000000000000000000000000000000000000000000000000000000000000000000000592850000000000592850000000000000000000000000000002606202527062025            000000000000000                              000                           
0010001300033T 0601897X0000000092096 24778822500000220   700000000000022030062025000000000056407237033970000000220                0900000000000010100000000000000000000000000000000000000   000000000000000000000000004        170192477882     
0010001300034U 060000000000000000000000000000000000000000000000000000000000000000000000564070000000000564070000000000000000000000000000002606202527062025            000000000000000                              000                           
0010001300035T 0601897X0000000092096 24778822500000237   700000000000023730062025000000000051976033002160000000237                0900000000000010100000000000000000000000000000000000000   000000000000000000000000004        170192477882     
0010001300036U 060000000000000000000000000000000000000000000000000000000000000000000000519760000000000519760000000000000000000000000000002606202527062025            000000000000000                              000                           
0010001300037T 0601897X0000000092096 24778822500000261   700000000000026130062025000000000043914341000090000000261                0900000000000010100000000000000000000000000000000000000   000000000000000000000000004        170192477882     
0010001300038U 060000000000000000000000000000000000000000000000000000000000000000000000439140000000000439140000000000000000000000000000002606202527062025            000000000000000                              000                           
0010001300039T 0601897X0000000092096 24778822500000274   700000000000027403072025000000000041664487000010000000274                0900000000000010100000000000000000000000000000000000000   000000000000000000000000004        170192477882     
0010001300040U 060000000000000000000000000000000000000000000000000000000000000000000000416640000000000416640000000000000000000000000000002606202527062025            000000000000000                              000                           
0010001300041T 0601897X0000000092096 24778822500000275   700000000000027530062025000000000041427341040090000000275                0900000000000010100000000000000000000000000000000000000   000000000000000000000000004        170192477882     
0010001300042U 060000000000000000000000000000000000000000000000000000000000000000000000414270000000000414270000000000000000000000000000002606202527062025            000000000000000                              000                           
0010001300043T 0601897X0000000092096 24778822500000357   700000000000035730062025000000000035677341062600000000357                0900000000000010100000000000000000000000000000000000000   000000000000000000000000004        170192477882     
0010001300044U 060000000000000000000000000000000000000000000000000000000000000000000000356770000000000356770000000000000000000000000000002606202527062025            000000000000000                              000                           
0010001300045T 0601897X0000000092096 24778822500000426   700000000000042630062025000000000032104104002780000000426                0900000000000010100000000000000000000000000000000000000   000000000000000000000000004        170192477882     
0010001300046U 060000000000000000000000000000000000000000000000000000000000000000000000321040000000000321040000000000000000000000000000002606202527062025            000000000000000                              000                           
0010001300047T 0601897X0000000092096 24778822500000452   700000000000045230062025000000000030805033021620000000452                0900000000000010100000000000000000000000000000000000000   000000000000000000000000004        170192477882     
0010001300048U 060000000000000000000000000000000000000000000000000000000000000000000000308050000000000308050000000000000000000000000000002606202527062025            000000000000000                              000                           
0010001300049T 0601897X0000000092096 24778822500000460   700000000000046030062025000000000030565237007120000000460                0900000000000010100000000000000000000000000000000000000   000000000000000000000000004        170192477882     
0010001300050U 060000000000000000000000000000000000000000000000000000000000000000000000305650000000000305650000000000000000000000000000002606202527062025            000000000000000                              000                           
0010001300051T 0601897X0000000092096 24778822500000492   700000000000049230062025000000000029277237002150000000492                0900000000000010100000000000000000000000000000000000000   000000000000000000000000004        170192477882     
0010001300052U 060000000000000000000000000000000000000000000000000000000000000000000000292770000000000292770000000000000000000000000000002606202527062025            000000000000000                              000                           
0010001300053T 0601897X0000000092096 24778822500000570   700000000000057030062025000000000027423104002780000000570                0900000000000010100000000000000000000000000000000000000   000000000000000000000000004        170192477882     
0010001300054U 060000000000000000000000000000000000000000000000000000000000000000000000274230000000000274230000000000000000000000000000002606202527062025            000000000000000                              000                           
0010001300055T 0601897X0000000092096 24778822500000575   700000000000057530062025000000000027157033000900000000575                0900000000000010100000000000000000000000000000000000000   000000000000000000000000004        170192477882     
0010001300056U 060000000000000000000000000000000000000000000000000000000000000000000000271570000000000271570000000000000000000000000000002606202527062025            000000000000000                              000                           
0010001300057T 0601897X0000000092096 24778822500000680   700000000000068030062025000000000023499341000410000000680                0900000000000010100000000000000000000000000000000000000   000000000000000000000000004        170192477882     
0010001300058U 060000000000000000000000000000000000000000000000000000000000000000000000234990000000000234990000000000000000000000000000002606202527062025            000000000000000                              000                           
0010001300059T 0601897X0000000092096 24778822500000760   700000000000076030062025000000000021707001042528000000760                0900000000000010090000000000000000000000000000000000000   000000000000000000000000006        170192477882     
0010001300060U 060000000000000000000000000000000000000000000000000000000000000000000000217070000000000217070000000000000000000000000000002606202527062025            000000000000000                              000                           
0010001300061T 0601897X0000000092096 24778822500000789   700000000000078930062025000000000020680033021570000000789                0900000000000010100000000000000000000000000000000000000   000000000000000000000000004        170192477882     
0010001300062U 060000000000000000000000000000000000000000000000000000000000000000000000206800000000000206800000000000000000000000000000002606202527062025            000000000000000                              000                           
0010001300063T 0601897X0000000092096 24778822500000905   700000000000090530062025000000000015460033046450000000905                0900000000000010100000000000000000000000000000000000000   000000000000000000000000004        170192477882     
0010001300064U 060000000000000000000000000000000000000000000000000000000000000000000000154600000000000154600000000000000000000000000000002606202527062025            000000000000000                              000                           
0010001300065T 0601897X0000000092096 24778822500000919   700000000000091930062025000000000014638756014090000000919                0900000000000010100000000000000000000000000000000000000   000000000000000000000000004        170192477882     
0010001300066U 060000000000000000000000000000000000000000000000000000000000000000000000146380000000000146380000000000000000000000000000002606202527062025            000000000000000                              000                           
0010001300067T 0601897X0000000092096 24778822500000925   700000000000092530062025000000000014522104002780000000925                0900000000000010100000000000000000000000000000000000000   000000000000000000000000004        170192477882     
0010001300068U 060000000000000000000000000000000000000000000000000000000000000000000000145220000000000145220000000000000000000000000000002606202527062025            000000000000000                              000                           
0010001300069T 0601897X0000000092096 24778822500000957   700000000000095730062025000000000013368341020000000000957                0900000000000010100000000000000000000000000000000000000   000000000000000000000000004        170192477882     
0010001300070U 060000000000000000000000000000000000000000000000000000000000000000000000133680000000000133680000000000000000000000000000002606202527062025            000000000000000                              000                           
0010001300071T 0601897X0000000092096 24778822500000959   700000000000095930062025000000000013175756014090000000959                0900000000000010100000000000000000000000000000000000000   000000000000000000000000004        170192477882     
0010001300072U 060000000000000000000000000000000000000000000000000000000000000000000000131750000000000131750000000000000000000000000000002606202527062025            000000000000000                              000                           
0010001300073T 0601897X0000000092096 24778822500001277   700000000000127730062025000000000024087237004530000001277                0900000000000010100000000000000000000000000000000000000   000000000000000000000000004        170192477882     
0010001300074U 060000000000000000000000000000000000000000000000000000000000000000000000240870000000000240870000000000000000000000000000002606202527062025            000000000000000                              000                           
0010001300075T 0601897X0000000092096 24778822500001327   700000000000132730062025000000000022908341000120000001327                0900000000000010100000000000000000000000000000000000000   000000000000000000000000004        170192477882     
0010001300076U 060000000000000000000000000000000000000000000000000000000000000000000000229080000000000229080000000000000000000000000000002606202527062025            000000000000000                              000                           
0010001300077T 0601897X0000000092096 24778822500001349   700000000000134930062025000000000022222341081690000001349                0900000000000010100000000000000000000000000000000000000   000000000000000000000000004        170192477882     
0010001300078U 060000000000000000000000000000000000000000000000000000000000000000000000222220000000000222220000000000000000000000000000002606202527062025            000000000000000                              000                           
0010001300079T 0601897X0000000092096 24778822500001393   700000000000139330062025000000000021957341005460000001393                0900000000000010100000000000000000000000000000000000000   000000000000000000000000004        170192477882     
0010001300080U 060000000000000000000000000000000000000000000000000000000000000000000000219570000000000219570000000000000000000000000000002606202527062025            000000000000000                              000                           
0010001300081T 0601897X0000000092096 24778822500002078   700000000000207830062025000000000023407237002150000002078                0900000000000010100000000000000000000000000000000000000   000000000000000000000000004        170192477882     
0010001300082U 060000000000000000000000000000000000000000000000000000000000000000000000234070000000000234070000000000000000000000000000002606202527062025            000000000000000                              000                           
0010001300083T 0601897X0000000092096 24778822500002290   700000000000229030062025000000000021488341000280000002290                0900000000000010100000000000000000000000000000000000000   000000000000000000000000004        170192477882     
0010001300084U 060000000000000000000000000000000000000000000000000000000000000000000000214880000000000214880000000000000000000000000000002606202527062025            000000000000000                              000                           
0010001300085T 0601897X0000000092096 24778822500002338   700000000000233830062025000000000021080756011310000002338                0900000000000010100000000000000000000000000000000000000   000000000000000000000000004        170192477882     
0010001300086U 060000000000000000000000000000000000000000000000000000000000000000000000210800000000000210800000000000000000000000000000002606202527062025            000000000000000                              000                           
0010001300087T 0601897X0000000092096 24778822500002354   700000000000235430062025000000000021022237033890000002354                0900000000000010100000000000000000000000000000000000000   000000000000000000000000004        170192477882     
0010001300088U 060000000000000000000000000000000000000000000000000000000000000000000000210220000000000210220000000000000000000000000000002606202527062025            000000000000000                              000                           
0010001300089T 0601897X0000000092096 24778822500002758   70000000000027583006202500000000002043500101897X000002758                0900000000000010090000000000000000000000000000000000000   000000000000000000000000006        170192477882     
0010001300090U 060000000000000000000000000000000000000000000000000000000000000000000000204350000000000204350000000000000000000000000000002606202527062025            000000000000000                              000                           
0010001300091T 0601897X0000000092096 24778822500003163   700000000000316330062025000000000020640033000410000003163                0900000000000010100000000000000000000000000000000000000   000000000000000000000000004        170192477882     
0010001300092U 060000000000000000000000000000000000000000000000000000000000000000000000206400000000000206400000000000000000000000000000002606202527062025            000000000000000                              000                           
0010001300093T 0601897X0000000092096 24778822500003241   700000000000324130062025000000000020105341005620000003241                0900000000000010100000000000000000000000000000000000000   000000000000000000000000004        170192477882     
0010001300094U 060000000000000000000000000000000000000000000000000000000000000000000000201050000000000201050000000000000000000000000000002606202527062025            000000000000000                              000                           
0010001300095T 0601897X0000000092096 24778822500003959   700000000000395930062025000000000222631745000040000003959                0900000000000010100000000000000000000000000000000000000   000000000000000000000000004        170192477882     
0010001300096U 060000000000000000000000000000000000000000000000000000000000000000000002226310000000002226310000000000000000000000000000002606202527062025            000000000000000                              000                           
0010001300097T 0601897X0000000092096 24778822500004065   700000000000406531072025000000000194045341009120000004065                0900000000000010100000000000000000000000000000000000000   000000000000000000000000004        170192477882     
0010001300098U 060000000000000000000000000000000000000000000000000000000000000000000001940450000000001940450000000000000000000000000000002606202527062025            000000000000000                              000                           
0010001300099T 0601897X0000000092096 24778822500004540   700000000000454030062025000000000104648341048360000004540                0900000000000010100000000000000000000000000000000000000   000000000000000000000000004        170192477882     
0010001300100U 060000000000000000000000000000000000000000000000000000000000000000000001046480000000001046480000000000000000000000000000002606202527062025            000000000000000                              000                           
0010001300101T 0601897X0000000092096 24778822500004638   700000000000463830062025000000000096527341025180000004638                0900000000000010100000000000000000000000000000000000000   000000000000000000000000004        170192477882     
0010001300102U 060000000000000000000000000000000000000000000000000000000000000000000000965270000000000965270000000000000000000000000000002606202527062025            000000000000000                              000                           
0010001300103T 0601897X0000000092096 24778822500004820   70000000000048203006202500000000008447000101897X000004820                0900000000000010090000000000000000000000000000000000000   000000000000000000000000006        170192477882     
0010001300104U 060000000000000000000000000000000000000000000000000000000000000000000000844700000000000844700000000000000000000000000000002606202527062025            000000000000000                              000                           
0010001300105T 0601897X0000000092096 24778822500004967   700000000000496730062025000000000075282237008920000004967                0900000000000010100000000000000000000000000000000000000   000000000000000000000000004        170192477882     
0010001300106U 060000000000000000000000000000000000000000000000000000000000000000000000752820000000000752820000000000000000000000000000002606202527062025            000000000000000                              000                           
0010001300107T 0601897X0000000092096 24778822500005212   700000000000521230062025000000000064084237070940000005212                0900000000000010100000000000000000000000000000000000000   000000000000000000000000004        170192477882     
0010001300108U 060000000000000000000000000000000000000000000000000000000000000000000000640840000000000640840000000000000000000000000000002606202527062025            000000000000000                              000                           
0010001300109T 0601897X0000000092096 24778822500005317   700000000000531730062025000000000061481341000280000005317                0900000000000010100000000000000000000000000000000000000   000000000000000000000000004        170192477882     
0010001300110U 060000000000000000000000000000000000000000000000000000000000000000000000614810000000000614810000000000000000000000000000002606202527062025            000000000000000                              000                           
0010001300111T 0601897X0000000092096 24778822500006052   700000000000605230062025000000000041775748051200000006052                0900000000000010100000000000000000000000000000000000000   000000000000000000000000004        170192477882     
0010001300112U 060000000000000000000000000000000000000000000000000000000000000000000000417750000000000417750000000000000000000000000000002606202527062025            000000000000000                              000                           
0010001300113T 0601897X0000000092096 24778822500006094   700000000000609430062025000000000041405237003220000006094                0900000000000010100000000000000000000000000000000000000   000000000000000000000000004        170192477882     
0010001300114U 060000000000000000000000000000000000000000000000000000000000000000000000414050000000000414050000000000000000000000000000002606202527062025            000000000000000                              000                           
0010001300115T 0601897X0000000092096 24778822500006143   700000000000614330062025000000000040736033005330000006143                0900000000000010100000000000000000000000000000000000000   000000000000000000000000004        170192477882     
0010001300116U 060000000000000000000000000000000000000000000000000000000000000000000000407360000000000407360000000000000000000000000000002606202527062025            000000000000000                              000                           
0010001300117T 0601897X0000000092096 24778822500006311   700000000000631130062025000000000037644237033900000006311                0900000000000010100000000000000000000000000000000000000   000000000000000000000000004        170192477882     
0010001300118U 060000000000000000000000000000000000000000000000000000000000000000000000376440000000000376440000000000000000000000000000002606202527062025            000000000000000                              000                           
0010001300119T 0601897X0000000092096 24778822500006843   700000000000684330062025000000000031367237002140000006843                0900000000000010100000000000000000000000000000000000000   000000000000000000000000004        170192477882     
0010001300120U 060000000000000000000000000000000000000000000000000000000000000000000000313670000000000313670000000000000000000000000000002606202527062025            000000000000000                              000                           
0010001300121T 0601897X0000000092096 24778822500007067   700000000000706730062025000000000029275509000010000007067                0900000000000010100000000000000000000000000000000000000   000000000000000000000000004        170192477882     
0010001300122U 060000000000000000000000000000000000000000000000000000000000000000000000292750000000000292750000000000000000000000000000002606202527062025            000000000000000                              000                           
0010001300123T 0601897X0000000092096 24778822500007417   700000000000741730062025000000000025058033000900000007417                0900000000000010100000000000000000000000000000000000000   000000000000000000000000004        170192477882     
0010001300124U 060000000000000000000000000000000000000000000000000000000000000000000000250580000000000250580000000000000000000000000000002606202527062025            000000000000000                              000                           
0010001300125T 0601897X0000000092096 24778822500008005   700000000000800530062025000000000020329001024538000008005                0900000000000010040000000000000000000000000000000000000   000000000000000000000000034        170192477882     
0010001300126U 060000000000000000000000000000000000000000000000000000000000000000000000203290000000000203290000000000000000000000000000002606202527062025            000000000000000                              000                           
0010001300127T 0601897X0000000092096 24778829000008623   7000008623      3006202500000000010816400106811X000008623                0900000000000010040000000000000000000000000000000000000   000000000000000000000000034        170192477882     
0010001300128U 060000000000000000000000000000000000000000000000000000000000000000000001081640000000001081640000000000000000000000000000002606202527062025            000000000000000                              000                           
0010001300129T 0901897X0000000092096 24778822500000273   700000000000027330062025000000000041745001009903000000273                0900000000000000000000000000000000000000000000000000000   000000000000000000000039010        170192477882     
0010001300130U 090000000000000000000000000000000000000000000000000000000000000000000000000000000000000000000000000000000000000000000000002606202500000000            000000000000000                              000                           
0010001300131T 0901897X0000000092096 24778822500003798   700000000000379830062025000000000286623001003409000003798                0900000000000000000000000000000000000000000000000000000   000000000000000000000039010        170192477882     
0010001300132U 090000000000000000000000000000000000000000000000000000000000000000000000000000000000000000000000000000000000000000000000002606202500000000            000000000000000                              000                           
0010001300133T 0901897X0000000092096 24778822500003799   700000000000379931072025000000000286620001003409000003799                0900000000000000000000000000000000000000000000000000000   000000000000000000000039010        170192477882     
0010001300134U 090000000000000000000000000000000000000000000000000000000000000000000000000000000000000000000000000000000000000000000000002606202500000000            000000000000000                              000                           
0010001300135T 0901897X0000000092096 24778822500003800   700000000000380029082025000000000286620001003409000003800                0900000000000000000000000000000000000000000000000000000   000000000000000000000039010        170192477882     
0010001300136U 090000000000000000000000000000000000000000000000000000000000000000000000000000000000000000000000000000000000000000000000002606202500000000            000000000000000                              000                           
0010001300137T 0901897X0000000092096 24778822500003801   700000000000380130092025000000000286620001003409000003801                0900000000000000000000000000000000000000000000000000000   000000000000000000000039010        170192477882     
0010001300138U 090000000000000000000000000000000000000000000000000000000000000000000000000000000000000000000000000000000000000000000000002606202500000000            000000000000000                              000                           
0010001300139T 0901897X0000000092096 24778822500003802   700000000000380231102025000000000286620001003409000003802                0900000000000000000000000000000000000000000000000000000   000000000000000000000039010        170192477882     
0010001300140U 090000000000000000000000000000000000000000000000000000000000000000000000000000000000000000000000000000000000000000000000002606202500000000            000000000000000                              000                           
0010001300141T 0901897X0000000092096 24778822500003803   700000000000380328112025000000000286620001003409000003803                0900000000000000000000000000000000000000000000000000000   000000000000000000000039010        170192477882     
0010001300142U 090000000000000000000000000000000000000000000000000000000000000000000000000000000000000000000000000000000000000000000000002606202500000000            000000000000000                              000                           
0010001300143T 0901897X0000000092096 24778822500003804   700000000000380419122025000000000286620001003409000003804                0900000000000000000000000000000000000000000000000000000   000000000000000000000039010        170192477882     
0010001300144U 090000000000000000000000000000000000000000000000000000000000000000000000000000000000000000000000000000000000000000000000002606202500000000            000000000000000                              000                           
0010001300145T 0901897X0000000092096 24778822500003847   700000000000384730062025000000000273206001003409000003847                0900000000000000000000000000000000000000000000000000000   000000000000000000000039010        170192477882     
0010001300146U 090000000000000000000000000000000000000000000000000000000000000000000000000000000000000000000000000000000000000000000000002606202500000000            000000000000000                              000                           
0010001300147T 0901897X0000000092096 24778822500003848   700000000000384831072025000000000273204001003409000003848                0900000000000000000000000000000000000000000000000000000   000000000000000000000039010        170192477882     
0010001300148U 090000000000000000000000000000000000000000000000000000000000000000000000000000000000000000000000000000000000000000000000002606202500000000            000000000000000                              000                           
0010001300149T 0901897X0000000092096 24778822500003849   700000000000384929082025000000000273204001003409000003849                0900000000000000000000000000000000000000000000000000000   000000000000000000000039010        170192477882     
0010001300150U 090000000000000000000000000000000000000000000000000000000000000000000000000000000000000000000000000000000000000000000000002606202500000000            000000000000000                              000                           
0010001300151T 0901897X0000000092096 24778822500003850   700000000000385030092025000000000273204001003409000003850                0900000000000000000000000000000000000000000000000000000   000000000000000000000039010        170192477882     
0010001300152U 090000000000000000000000000000000000000000000000000000000000000000000000000000000000000000000000000000000000000000000000002606202500000000            000000000000000                              000                           
0010001300153T 0901897X0000000092096 24778822500003851   700000000000385131102025000000000273204001003409000003851                0900000000000000000000000000000000000000000000000000000   000000000000000000000039010        170192477882     
0010001300154U 090000000000000000000000000000000000000000000000000000000000000000000000000000000000000000000000000000000000000000000000002606202500000000            000000000000000                              000                           
0010001300155T 0901897X0000000092096 24778822500003852   700000000000385228112025000000000273204001003409000003852                0900000000000000000000000000000000000000000000000000000   000000000000000000000039010        170192477882     
0010001300156U 090000000000000000000000000000000000000000000000000000000000000000000000000000000000000000000000000000000000000000000000002606202500000000            000000000000000                              000                           
0010001300157T 0901897X0000000092096 24778822500003853   700000000000385319122025000000000273204001003409000003853                0900000000000000000000000000000000000000000000000000000   000000000000000000000039010        170192477882     
0010001300158U 090000000000000000000000000000000000000000000000000000000000000000000000000000000000000000000000000000000000000000000000002606202500000000            000000000000000                              000                           
0010001300159T 0901897X0000000092096 24778822500006528   700000000000652830062025000000000033913001069833000006528                0900000000000000000000000000000000000000000000000000000   000000000000000000000039010        170192477882     
0010001300160U 090000000000000000000000000000000000000000000000000000000000000000000000000000000000000000000000000000000000000000000000002606202500000000            000000000000000                              000                           
0010001300161T 0901897X0000000092096 24778822500006529   700000000000652931072025000000000033914001069833000006529                0900000000000000000000000000000000000000000000000000000   000000000000000000000039010        170192477882     
0010001300162U 090000000000000000000000000000000000000000000000000000000000000000000000000000000000000000000000000000000000000000000000002606202500000000            000000000000000                              000                           
0010001300163T 0901897X0000000092096 24778822500006530   700000000000653029082025000000000033914001069833000006530                0900000000000000000000000000000000000000000000000000000   000000000000000000000039010        170192477882     
0010001300164U 090000000000000000000000000000000000000000000000000000000000000000000000000000000000000000000000000000000000000000000000002606202500000000            000000000000000                              000                           
0010001300165T 0901897X0000000092096 24778822500006531   700000000000653130092025000000000033914001069833000006531                0900000000000000000000000000000000000000000000000000000   000000000000000000000039010        170192477882     
0010001300166U 090000000000000000000000000000000000000000000000000000000000000000000000000000000000000000000000000000000000000000000000002606202500000000            000000000000000                              000                           
0010001300167T 0901897X0000000092096 24778822500006532   700000000000653231102025000000000033914001069833000006532                0900000000000000000000000000000000000000000000000000000   000000000000000000000039010        170192477882     
0010001300168U 090000000000000000000000000000000000000000000000000000000000000000000000000000000000000000000000000000000000000000000000002606202500000000            000000000000000                              000                           
0010001300169T 0901897X0000000092096 24778822500006533   700000000000653328112025000000000033914001069833000006533                0900000000000000000000000000000000000000000000000000000   000000000000000000000039010        170192477882     
0010001300170U 090000000000000000000000000000000000000000000000000000000000000000000000000000000000000000000000000000000000000000000000002606202500000000            000000000000000                              000                           
0010001300171T 0901897X0000000092096 24778822500006534   700000000000653419122025000000000033914001069833000006534                0900000000000000000000000000000000000000000000000000000   000000000000000000000039010        170192477882     
0010001300172U 090000000000000000000000000000000000000000000000000000000000000000000000000000000000000000000000000000000000000000000000002606202500000000            000000000000000                              000                           
0010001300173T 1401897X0000000092096 24778822500000020   70000000000000201107202500000000067336300101849X000000020                0900000000000000000000000000000000000000000000000000000   000000000000000000000000000        170192477882     
0010001300174U 140000000000000000000000000000000000000000000000000000000000000000000000000000000000000000000000000000000000000000000000002606202500000000            000000000000000                              000                           
0010001300175T 1401897X0000000092096 24778822500000238   700000000000023803072025000000000051818001004561000000238                0900000000000000000000000000000000000000000000000000000   000000000000000000000000000        170192477882     
0010001300176U 140000000000000000000000000000000000000000000000000000000000000000000000000000000000000000000000000000000000000000000000002606202500000000            000000000000000                              000                           
0010001300177T 1401897X0000000092096 24778822500000344   700000000000034408072025000000000036180001009296000000344                0900000000000000000000000000000000000000000000000000000   000000000000000000000000000        170192477882     
0010001300178U 140000000000000000000000000000000000000000000000000000000000000000000000000000000000000000000000000000000000000000000000002606202500000000            000000000000000                              000                           
0010001300179T 1401897X0000000092096 24778822500000625   700000000000062511072025000000000025448001008117000000625                0900000000000000000000000000000000000000000000000000000   000000000000000000000000000        170192477882     
0010001300180U 140000000000000000000000000000000000000000000000000000000000000000000000000000000000000000000000000000000000000000000000002606202500000000            000000000000000                              000                           
0010001300181T 1401897X0000000092096 24778822500000903   700000000000090311072025000000000015518001003190000000903                0900000000000000000000000000000000000000000000000000000   000000000000000000000000000        170192477882     
0010001300182U 140000000000000000000000000000000000000000000000000000000000000000000000000000000000000000000000000000000000000000000000002606202500000000            000000000000000                              000                           
0010001300183T 1401897X0000000092096 24778822500001819   700000000000181911072025000000000022445001003018000001819                0900000000000000000000000000000000000000000000000000000   000000000000000000000000000        170192477882     
0010001300184U 140000000000000000000000000000000000000000000000000000000000000000000000000000000000000000000000000000000000000000000000002606202500000000            000000000000000                              000                           
0010001300185T 1401897X0000000092096 24778822500006815   700000000000681507072025000000000031663001001678000006815                0900000000000000000000000000000000000000000000000000000   000000000000000000000000000        170192477882     
0010001300186U 140000000000000000000000000000000000000000000000000000000000000000000000000000000000000000000000000000000000000000000000002606202500000000            000000000000000                              000                           
00100015         000188007829000000020813066660000000000000000000000000000000000000000000000000000000000000000000000000000000000000000000000000000                                                                                              
00199999         000001000190000000                                                                                                                                                            00000000000000000000000000000                    
