00100000         2115139610001160024778820014       01897X0000000092096 FUNDACAO AGENCIA DAS BACIAS HIBANCO DO BRASIL                         22504202502090800603103000000829973081PROCESSAMEN                                                 
00100011T0100020 20115139610001160024778820014       01897X0000000092096 FUNDACAO AGENCIA DAS BACIAS HI                                                                                000000002504202500000000  000000000                      
0010001300001T 0201897X0000000092096 24778829000008555   7000008555      30042025000000000098206001003190000008555                0900000000000010500000000000000000000000000000000000000   0000000000000000000000519A9A4      170192477882     
0010001300002U 020000000000000000000000000000000000000000000000000000000000000000000000000000000000000000000000000000000000000000000000002504202500000000            000000000000000                              000                           
0010001300003T 0201897X0000000092096 24778829000008556   7000008556      30052025000000000098206001003190000008556                0900000000000010500000000000000000000000000000000000000   0000000000000000000000519A9A4      170192477882     
0010001300004U 020000000000000000000000000000000000000000000000000000000000000000000000000000000000000000000000000000000000000000000000002504202500000000            000000000000000                              000                           
0010001300005T 0201897X0000000092096 24778829000008557   7000008557      30062025000000000098206001003190000008557                0900000000000010500000000000000000000000000000000000000   0000000000000000000000519A9A4      170192477882     
0010001300006U 020000000000000000000000000000000000000000000000000000000000000000000000000000000000000000000000000000000000000000000000002504202500000000            000000000000000                              000                           
0010001300007T 0201897X0000000092096 24778829000008558   7000008558      31072025000000000098206001003190000008558                0900000000000010500000000000000000000000000000000000000   0000000000000000000000519A9A4      170192477882     
0010001300008U 020000000000000000000000000000000000000000000000000000000000000000000000000000000000000000000000000000000000000000000000002504202500000000            000000000000000                              000                           
0010001300009T 0201897X0000000092096 24778829000008559   7000008559      29082025000000000098206001003190000008559                0900000000000010500000000000000000000000000000000000000   0000000000000000000000519A9A4      170192477882     
0010001300010U 020000000000000000000000000000000000000000000000000000000000000000000000000000000000000000000000000000000000000000000000002504202500000000            000000000000000                              000                           
0010001300011T 0201897X0000000092096 24778829000008560   7000008560      30092025000000000098206001003190000008560                0900000000000010500000000000000000000000000000000000000   0000000000000000000000519A9A4      170192477882     
0010001300012U 020000000000000000000000000000000000000000000000000000000000000000000000000000000000000000000000000000000000000000000000002504202500000000            000000000000000                              000                           
0010001300013T 0201897X0000000092096 24778829000008561   7000008561      31102025000000000098206001003190000008561                0900000000000010500000000000000000000000000000000000000   0000000000000000000000519A9A4      170192477882     
0010001300014U 020000000000000000000000000000000000000000000000000000000000000000000000000000000000000000000000000000000000000000000000002504202500000000            000000000000000                              000                           
0010001300015T 0201897X0000000092096 24778829000008562   7000008562      28112025000000000098206001003190000008562                0900000000000010500000000000000000000000000000000000000   0000000000000000000000519A9A4      170192477882     
0010001300016U 020000000000000000000000000000000000000000000000000000000000000000000000000000000000000000000000000000000000000000000000002504202500000000            000000000000000                              000                           
0010001300017T 0201897X0000000092096 24778829000008563   7000008563      31122025000000000098206001003190000008563                0900000000000010500000000000000000000000000000000000000   0000000000000000000000519A9A4      170192477882     
0010001300018U 020000000000000000000000000000000000000000000000000000000000000000000000000000000000000000000000000000000000000000000000002504202500000000            000000000000000                              000                           
0010001300019T 0201897X0000000092096 24778829000008564   7000008564      30052025000000000200095001069833000008564                0900000000000010000000000000000000000000000000000000000   0000000000000000000000519A9        170192477882     
0010001300020U 020000000000000000000000000000000000000000000000000000000000000000000000000000000000000000000000000000000000000000000000002504202500000000            000000000000000                              000                           
0010001300021T 0201897X0000000092096 24778829000008565   7000008565      30052025000000000217929001069833000008565                0900000000000010000000000000000000000000000000000000000   0000000000000000000000519A9        170192477882     
0010001300022U 020000000000000000000000000000000000000000000000000000000000000000000000000000000000000000000000000000000000000000000000002504202500000000            000000000000000                              000                           
0010001300023T 0601897X0000000092096 24778829000008538   7000008538      30042025000000000063714341014460000008538                0900000000000010100000000000000000000000000000000000000   000000000000000000000000004        170192477882     
0010001300024U 060000000000000000000000000000000000000000000000000000000000000000000000637140000000000637140000000000000000000000000000002504202528042025            000000000000000                              000                           
0010001300025T 0601897X0000000092096 24778829000008548   7000008548      30042025000000000365312745001200000008548                0900000000000010100000000000000000000000000000000000000   000000000000000000000000004        170192477882     
0010001300026U 060000000000000000000000000000000000000000000000000000000000000000000003653120000000003653120000000000000000000000000000002504202528042025            000000000000000                              000                           
00100015         000028000068000000000456892510000000000000000000000000000000000000000000000000000000000000000000000000000000000000000000000000000                                                                                              
00199999         000001000030000000                                                                                                                                                            00000000000000000000000000000                    
