00100000         2115139610001160024778820014       01897X0000000092096 FUNDACAO AGENCIA DAS BACIAS HIBANCO DO BRASIL                         22904202502053200603503000000829973081PROCESSAMEN                                                 
00100011T0100020 20115139610001160024778820014       01897X0000000092096 FUNDACAO AGENCIA DAS BACIAS HI                                                                                000000002904202500000000  000000000                      
0010001300001T 0201897X0000000092096 24778829000008566   7000008566      30052025000000000321712001003190000008566                0900000000000010000000000000000000000000000000000000000   0000000000000000000000519A9        170192477882     
0010001300002U 020000000000000000000000000000000000000000000000000000000000000000000000000000000000000000000000000000000000000000000000002904202500000000            000000000000000                              000                           
0010001300003T 0601897X0000000092096 24778829000008463   7000008463      30042025000000000051722237003220000008463                0900000000000010100000000000000000000000000000000000000   000000000000000000000000004        170192477882     
0010001300004U 060000000000000000000000000000000000000000000000000000000000000000000000517220000000000517220000000000000000000000000000002904202530042025            000000000000000                              000                           
0010001300005T 0601897X0000000092096 24778829000008540   7000008540      30042025000000000147478237020280000008540                0900000000000010100000000000000000000000000000000000000   000000000000000000000000004        170192477882     
0010001300006U 060000000000000000000000000000000000000000000000000000000000000000000001474780000000001474780000000000000000000000000000002904202530042025            000000000000000                              000                           
0010001300007T 0601897X0000000092096 24778829000008541   7000008541      30042025000000000152944237020280000008541                0900000000000010100000000000000000000000000000000000000   000000000000000000000000004        170192477882     
0010001300008U 060000000000000000000000000000000000000000000000000000000000000000000001529440000000001529440000000000000000000000000000002904202530042025            000000000000000                              000                           
0010001300009T 0601897X0000000092096 24778829000008552   7000008552      30042025000000000674474237029170000008552                0900000000000010100000000000000000000000000000000000000   000000000000000000000000004        170192477882     
0010001300010U 060000000000000000000000000000000000000000000000000000000000000000000006744740000000006744740000000000000000000000000000002904202530042025            000000000000000                              000                           
0010001300011T 0601897X0000000092096 24778829000008554   7000008554      30042025000000000378522341078900000008554                0900000000000010100000000000000000000000000000000000000   000000000000000000000000004        170192477882     
0010001300012U 060000000000000000000000000000000000000000000000000000000000000000000003785220000000003785220000000000000000000000000000002904202530042025            000000000000000                              000                           
0010001300013T 0601897X0000000092096 24778829000008555   7000008555      30042025000000000098206341048970000008555                0900000000000010100000000000000000000000000000000000000   000000000000000000000000004        170192477882     
0010001300014U 060000000000000000000000000000000000000000000000000000000000000000000000982060000000000982060000000000000000000000000000002904202530042025            000000000000000                              000                           
00100015         000016000063000000000445076170000000000000000000000000000000000000000000000000000000000000000000000000000000000000000000000000000                                                                                              
00199999         000001000018000000                                                                                                                                                            00000000000000000000000000000                    
