00100000         2115139610001160024778820014       01897X0000000092096 FUNDACAO AGENCIA DAS BACIAS HIBANCO DO BRASIL                         22205202501470800606503000000829973081PROCESSAMEN                                                 
00100011T0100020 20115139610001160024778820014       01897X0000000092096 FUNDACAO AGENCIA DAS BACIAS HI                                                                                000000002205202500000000  000000000                      
0010001300001T 0201897X0000000092096 24778829000008589   7000008589      30052025000000000082845001003409000008589                0900000000000010500000000000000000000000000000000000000   0000000000000000000000519A9A4      170192477882     
0010001300002U 020000000000000000000000000000000000000000000000000000000000000000000000000000000000000000000000000000000000000000000000002205202500000000            000000000000000                              000                           
0010001300003T 0601897X0000000092096 24778829000008556   7000008556      30052025000000000098206341048970000008556                0900000000000010100000000000000000000000000000000000000   000000000000000000000000004        170192477882     
0010001300004U 060000000000000000000000000000000000000000000000000000000000000000000000982060000000000982060000000000000000000000000000002205202523052025            000000000000000                              000                           
00100015         000006000066000000000308378740000000000000000000000000000000000000000000000000000000000000000000000000000000000000000000000000000                                                                                              
00199999         000001000008000000                                                                                                                                                            00000000000000000000000000000                    
