00100000         2115139610001160024778820014       01897X0000000092096 FUNDACAO AGENCIA DAS BACIAS HIBANCO DO BRASIL                         21209202502024800622303000000829973081PROCESSAMEN                                                 
00100011T0100020 20115139610001160024778820014       01897X0000000092096 FUNDACAO AGENCIA DAS BACIAS HI                                                                                000000001209202500000000  000000000                      
0010001300001T 0201897X0000000092096 24778829000008888   7000008888      30092025000000000030767001004154000008888                0900000000000010000000000000000000000000000000000000000   0000000000000000000000519A9        170192477882     
0010001300002U 020000000000000000000000000000000000000000000000000000000000000000000000000000000000000000000000000000000000000000000000001209202500000000            000000000000000                              000                           
0010001300003T 0201897X0000000092096 24778829000008893   7000008893      30092025000000000159102001000566000008893                0900000000000010500000000000000000000000000000000000000   0000000000000000000000519A9A4      170192477882     
0010001300004U 020000000000000000000000000000000000000000000000000000000000000000000000000000000000000000000000000000000000000000000000001209202500000000            000000000000000                              000                           
0010001300005T 0201897X0000000092096 24778829000008894   7000008894      30092025000000000128831001043036000008894                0900000000000010000000000000000000000000000000000000000   0000000000000000000000519A9        170192477882     
0010001300006U 020000000000000000000000000000000000000000000000000000000000000000000000000000000000000000000000000000000000000000000000001209202500000000            000000000000000                              000                           
0010001300007T 0201897X0000000092096 24778829000008895   7000008895      3009202500000000016264100101849X000008895                0900000000000010500000000000000000000000000000000000000   0000000000000000000000519A9A4      170192477882     
0010001300008U 020000000000000000000000000000000000000000000000000000000000000000000000000000000000000000000000000000000000000000000000001209202500000000            000000000000000                              000                           
0010001300009T 0601897X0000000092096 24778822500001650   700000000000165029082025000000000024397341002790000001650                0900000000000010100000000000000000000000000000000000000   000000000000000000000000004        170192477882     
0010001300010U 060000000000006000000000000000000000000000000000000000000000000000000000249970000000000249970000000000000000000000000000001209202515092025            000000000000000                              000                           
0010001300011T 0601897X0000000092096 24778822500002776   700000000000277630092025000000000020287237020020000002776                0900000000000010100000000000000000000000000000000000000   000000000000000000000000004        170192477882     
0010001300012U 060000000000000000000000000000000000000000000000000000000000000000000000202870000000000202870000000000000000000000000000001209202515092025            000000000000000                              000                           
0010001300013T 0601897X0000000092096 24778822500004676   700000000000467630092025000000000093120341009100000004676                0900000000000010100000000000000000000000000000000000000   000000000000000000000000004        170192477882     
0010001300014U 060000000000000000000000000000000000000000000000000000000000000000000000931200000000000931200000000000000000000000000000001209202515092025            000000000000000                              000                           
0010001300015T 0601897X0000000092096 24778822500007371   700000000000737130092025000000000025094033000900000007371                0900000000000010100000000000000000000000000000000000000   000000000000000000000000004        170192477882     
0010001300016U 060000000000000000000000000000000000000000000000000000000000000000000000250940000000000250940000000000000000000000000000001209202515092025            000000000000000                              000                           
0010001300017T 0601897X0000000092096 24778829000008773   7000008773      29082025000000000027417341018740000008773                0900000000000010100000000000000000000000000000000000000   000000000000000000000000004        170192477882     
0010001300018U 060000000000006750000000000000000000000000000000000000000000000000000000280920000000000280920000000000000000000000000000001209202515092025            000000000000000                              000                           
0010001300019T 0901897X0000000092096 24778822500000702   700000000000070208082025000000000023342001009903000000702                0900000000000000000000000000000000000000000000000000000   000000000000000000000039009        170192477882     
0010001300020U 090000000000000000000000000000000000000000000000000000000000000000000000000000000000000000000000000000000000000000000000001209202500000000            000000000000000                              000                           
0010001300021T 0301897X0000000092096 24778829000008889   7000008889      3009202500000000016896900100000 000008889                0900000000000000000000000000000000000000000000000000000   000000000000000000000000046        170192477882     
0010001300022U 030000000000000000000000000000000000000000000000000000000000000000000000000000000000000000000000000000000000000000000000001209202500000000            000000000000000                              000                           
0010001300023T 0301897X0000000092096 24778829000008890   7000008890      3110202500000000016896800100000 000008890                0900000000000000000000000000000000000000000000000000000   000000000000000000000000046        170192477882     
0010001300024U 030000000000000000000000000000000000000000000000000000000000000000000000000000000000000000000000000000000000000000000000001209202500000000            000000000000000                              000                           
0010001300025T 0301897X0000000092096 24778829000008891   7000008891      2811202500000000016896800100000 000008891                0900000000000000000000000000000000000000000000000000000   000000000000000000000000046        170192477882     
0010001300026U 030000000000000000000000000000000000000000000000000000000000000000000000000000000000000000000000000000000000000000000000001209202500000000            000000000000000                              000                           
0010001300027T 0301897X0000000092096 24778829000008892   7000008892      1912202500000000016896800100000 000008892                0900000000000000000000000000000000000000000000000000000   000000000000000000000000046        170192477882     
0010001300028U 030000000000000000000000000000000000000000000000000000000000000000000000000000000000000000000000000000000000000000000000001209202500000000            000000000000000                              000                           
00100015         000030003473000000011451565480000000000000000000000000000000000000000000000000000000000000000000000000000000000000000000000000000                                                                                              
00199999         000001000032000000                                                                                                                                                            00000000000000000000000000000                    
