00100000         2115139610001160024778820014       01897X0000000092096 FUNDACAO AGENCIA DAS BACIAS HIBANCO DO BRASIL                         20505202502121800604103000000829973081PROCESSAMEN                                                 
00100011T0100020 20115139610001160024778820014       01897X0000000092096 FUNDACAO AGENCIA DAS BACIAS HI                                                                                000000000505202500000000  000000000                      
0010001300001T 0201897X0000000092096 24778829000008571   7000008571      30052025000000000076842001026565000008571                0900000000000010000000000000000000000000000000000000000   0000000000000000000000519A9        170192477882     
0010001300002U 020000000000000000000000000000000000000000000000000000000000000000000000000000000000000000000000000000000000000000000000000505202500000000            000000000000000                              000                           
0010001300003T 0601897X0000000092096 24778829000008544   7000008544      30042025000000000166999033000900000008544                0900000000000010100000000000000000000000000000000000000   000000000000000000000000004        170192477882     
0010001300004U 060000000000036170000000000000000000000000000000000000000000000000000001706160000000001706160000000000000000000000000000000505202506052025            000000000000000                              000                           
00100015         000006000053000000000290962830000000000000000000000000000000000000000000000000000000000000000000000000000000000000000000000000000                                                                                              
00199999         000001000008000000                                                                                                                                                            00000000000000000000000000000                    
