00100000         2115139610001160024778820014       01897X0000000092096 FUNDACAO AGENCIA DAS BACIAS HIBANCO DO BRASIL                         21507202502060500613703000000829973081PROCESSAMEN                                                 
00100011T0100020 20115139610001160024778820014       01897X0000000092096 FUNDACAO AGENCIA DAS BACIAS HI                                                                                000000001507202500000000  000000000                      
0010001300001T 0201897X0000000092096 24778829000008696   7000008696      31072025000000000033123001004154000008696                0900000000000010500000000000000000000000000000000000000   0000000000000000000000519A9A4      170192477882     
0010001300002U 020000000000000000000000000000000000000000000000000000000000000000000000000000000000000000000000000000000000000000000000001507202500000000            000000000000000                              000                           
0010001300003T 0601897X0000000092096 24778822500000014   700000000000001411072025000000000823149341003380000000014                0900000000000010100000000000000000000000000000000000000   000000000000000000000000004        170192477882     
0010001300004U 060000000000175590000000000000000000000000000000000000000000000000000008407080000000008407080000000000000000000000000000001507202516072025            000000000000000                              000                           
0010001300005T 0601897X0000000092096 24778822500000173   70000000000001731107202500000000007841100103360X000000173                0900000000000010040000000000000000000000000000000000000   000000000000000000000000034        170192477882     
0010001300006U 060000000000016720000000000000000000000000000000000000000000000000000000800830000000000800830000000000000000000000000000001507202516072025            000000000000000                              000                           
0010001300007T 0601897X0000000092096 24778822500000370   700000000000037015072025000000000035132341002790000000370                0900000000000010100000000000000000000000000000000000000   000000000000000000000000004        170192477882     
0010001300008U 060000000000000000000000000000000000000000000000000000000000000000000000351320000000000351320000000000000000000000000000001507202516072025            000000000000000                              000                           
0010001300009T 0601897X0000000092096 24778822500000434   700000000000043415072025000000000031768341002790000000434                0900000000000010100000000000000000000000000000000000000   000000000000000000000000004        170192477882     
0010001300010U 060000000000000000000000000000000000000000000000000000000000000000000000317680000000000317680000000000000000000000000000001507202516072025            000000000000000                              000                           
0010001300011T 0601897X0000000092096 24778822500000863   700000000000086330062025000000000017355001018937000000863                0900000000000010040000000000000000000000000000000000000   000000000000000000000000034        170192477882     
0010001300012U 060000000000004330000000000000000000000000000000000000000000000000000000177880000000000177880000000000000000000000000000001507202516072025            000000000000000                              000                           
0010001300013T 0601897X0000000092096 24778822500001042   700000000000104231072025000000000029277341000300000001042                0900000000000010100000000000000000000000000000000000000   000000000000000000000000004        170192477882     
0010001300014U 060000000000000000000000000000000000000000000000000000000000000000000000292770000000000292770000000000000000000000000000001507202516072025            000000000000000                              000                           
0010001300015T 0601897X0000000092096 24778822500001245   700000000000124515072025000000000024885341002790000001245                0900000000000010100000000000000000000000000000000000000   000000000000000000000000004        170192477882     
0010001300016U 060000000000000000000000000000000000000000000000000000000000000000000000248850000000000248850000000000000000000000000000001507202516072025            000000000000000                              000                           
0010001300017T 0601897X0000000092096 24778822500001389   700000000000138930062025000000000021957001009903000001389                0900000000000010040000000000000000000000000000000000000   000000000000000000000000034        170192477882     
0010001300018U 060000000000005480000000000000000000000000000000000000000000000000000000225050000000000225050000000000000000000000000000001507202516072025            000000000000000                              000                           
0010001300019T 0601897X0000000092096 24778822500001852   700000000000185215072025000000000021957341002790000001852                0900000000000010100000000000000000000000000000000000000   000000000000000000000000004        170192477882     
0010001300020U 060000000000000000000000000000000000000000000000000000000000000000000000219570000000000219570000000000000000000000000000001507202516072025            000000000000000                              000                           
0010001300021T 0601897X0000000092096 24778822500001954   700000000000195415072025000000000020494341002790000001954                0900000000000010100000000000000000000000000000000000000   000000000000000000000000004        170192477882     
0010001300022U 060000000000000000000000000000000000000000000000000000000000000000000000204940000000000204940000000000000000000000000000001507202516072025            000000000000000                              000                           
0010001300023T 0601897X0000000092096 24778822500002488   700000000000248815072025000000000023423341002790000002488                0900000000000010100000000000000000000000000000000000000   000000000000000000000000004        170192477882     
0010001300024U 060000000000000000000000000000000000000000000000000000000000000000000000234230000000000234230000000000000000000000000000001507202516072025            000000000000000                              000                           
0010001300025T 0601897X0000000092096 24778822500002738   700000000000273815072025000000000020492341002790000002738                0900000000000010100000000000000000000000000000000000000   000000000000000000000000004        170192477882     
0010001300026U 060000000000000000000000000000000000000000000000000000000000000000000000204920000000000204920000000000000000000000000000001507202516072025            000000000000000                              000                           
0010001300027T 0601897X0000000092096 24778822500002995   700000000000299530062025000000000021945348000010000002995                0900000000000010100000000000000000000000000000000000000   000000000000000000000000004        170192477882     
0010001300028U 060000000000005470000000000000000000000000000000000000000000000000000000224920000000000224920000000000000000000000000000001507202516072025            000000000000000                              000                           
0010001300029T 0601897X0000000092096 24778822500004674   700000000000467431072025000000000093120341009100000004674                0900000000000010100000000000000000000000000000000000000   000000000000000000000000004        170192477882     
0010001300030U 060000000000000000000000000000000000000000000000000000000000000000000000931200000000000931200000000000000000000000000000001507202516072025            000000000000000                              000                           
0010001300031T 0601897X0000000092096 24778822500004729   700000000000472915072025000000000089292341001490000004729                0900000000000010100000000000000000000000000000000000000   000000000000000000000000004        170192477882     
0010001300032U 060000000000000000000000000000000000000000000000000000000000000000000000892920000000000892920000000000000000000000000000001507202516072025            000000000000000                              000                           
0010001300033T 0601897X0000000092096 24778822500005590   700000000000559015072025000000000052393748052790000005590                0900000000000010100000000000000000000000000000000000000   000000000000000000000000004        170192477882     
0010001300034U 060000000000000000000000000000000000000000000000000000000000000000000000523930000000000523930000000000000000000000000000001507202516072025            000000000000000                              000                           
0010001300035T 0601897X0000000092096 24778822500005877   700000000000587715072025000000000044986341014030000005877                0900000000000010100000000000000000000000000000000000000   000000000000000000000000004        170192477882     
0010001300036U 060000000000000000000000000000000000000000000000000000000000000000000000449860000000000449860000000000000000000000000000001507202516072025            000000000000000                              000                           
0010001300037T 0601897X0000000092096 24778822500005878   700000000000587831072025000000000044983341014030000005878                0900000000000010100000000000000000000000000000000000000   000000000000000000000000004        170192477882     
0010001300038U 060000000000000000000000000000000000000000000000000000000000000000000000449830000000000449830000000000000000000000000000001507202516072025            000000000000000                              000                           
0010001300039T 0601897X0000000092096 24778822500006116   700000000000611631072025000000000041099756020670000006116                0900000000000010100000000000000000000000000000000000000   000000000000000000000000004        170192477882     
0010001300040U 060000000000000000000000000000000000000000000000000000000000000000000000410990000000000410990000000000000000000000000000001507202516072025            000000000000000                              000                           
0010001300041T 0601897X0000000092096 24778822500006430   700000000000643011072025000000000035640341036130000006430                0900000000000010100000000000000000000000000000000000000   000000000000000000000000004        170192477882     
0010001300042U 060000000000007590000000000000000000000000000000000000000000000000000000363990000000000363990000000000000000000000000000001507202516072025            000000000000000                              000                           
0010001300043T 0601897X0000000092096 24778822500006571   700000000000657131072025000000000033825341000300000006571                0900000000000010100000000000000000000000000000000000000   000000000000000000000000004        170192477882     
0010001300044U 060000000000000000000000000000000000000000000000000000000000000000000000338250000000000338250000000000000000000000000000001507202516072025            000000000000000                              000                           
0010001300045T 0601897X0000000092096 24778822500006850   700000000000685015072025000000000031367341002790000006850                0900000000000010100000000000000000000000000000000000000   000000000000000000000000004        170192477882     
0010001300046U 060000000000000000000000000000000000000000000000000000000000000000000000313670000000000313670000000000000000000000000000001507202516072025            000000000000000                              000                           
0010001300047T 0601897X0000000092096 24778822500006920   700000000000692030062025000000000030850237004530000006920                0900000000000010100000000000000000000000000000000000000   000000000000000000000000004        170192477882     
0010001300048U 060000000000007710000000000000000000000000000000000000000000000000000000316210000000000316210000000000000000000000000000001507202516072025            000000000000000                              000                           
0010001300049T 0601897X0000000092096 24778822500007256   700000000000725630062025000000000026476341070210000007256                0900000000000010100000000000000000000000000000000000000   000000000000000000000000004        170192477882     
0010001300050U 060000000000006610000000000000000000000000000000000000000000000000000000271370000000000271370000000000000000000000000000001507202516072025            000000000000000                              000                           
0010001300051T 0601897X0000000092096 24778822500007257   700000000000725731072025000000000026479341070210000007257                0900000000000010100000000000000000000000000000000000000   000000000000000000000000004        170192477882     
0010001300052U 060000000000000000000000000000000000000000000000000000000000000000000000264790000000000264790000000000000000000000000000001507202516072025            000000000000000                              000                           
0010001300053T 0601897X0000000092096 24778822500008062   700000000000806231072025000000000020058033031780000008062                0900000000000010100000000000000000000000000000000000000   000000000000000000000000004        170192477882     
0010001300054U 060000000000000000000000000000000000000000000000000000000000000000000000200580000000000200580000000000000000000000000000001507202516072025            000000000000000                              000                           
0010001300055T 0601897X0000000092096 24778822500008063   700000000000806329082025000000000020058033031780000008063                0900000000000010100000000000000000000000000000000000000   000000000000000000000000004        170192477882     
0010001300056U 060000000000000000000000000000000000000000000000000000000000000000000000200580000000000200580000000000000000000000000000001507202516072025            000000000000000                              000                           
0010001300057T 0601897X0000000092096 24778822500008064   700000000000806430092025000000000020058033031780000008064                0900000000000010100000000000000000000000000000000000000   000000000000000000000000004        170192477882     
0010001300058U 060000000000000000000000000000000000000000000000000000000000000000000000200580000000000200580000000000000000000000000000001507202516072025            000000000000000                              000                           
0010001300059T 0601897X0000000092096 24778822500008065   700000000000806531102025000000000020058033031780000008065                0900000000000010100000000000000000000000000000000000000   000000000000000000000000004        170192477882     
0010001300060U 060000000000000000000000000000000000000000000000000000000000000000000000200580000000000200580000000000000000000000000000001507202516072025            000000000000000                              000                           
0010001300061T 0601897X0000000092096 24778822500008066   700000000000806628112025000000000020058033031780000008066                0900000000000010100000000000000000000000000000000000000   000000000000000000000000004        170192477882     
0010001300062U 060000000000000000000000000000000000000000000000000000000000000000000000200580000000000200580000000000000000000000000000001507202516072025            000000000000000                              000                           
0010001300063T 0601897X0000000092096 24778822500008067   700000000000806719122025000000000020058033031780000008067                0900000000000010100000000000000000000000000000000000000   000000000000000000000000004        170192477882     
0010001300064U 060000000000000000000000000000000000000000000000000000000000000000000000200580000000000200580000000000000000000000000000001507202516072025            000000000000000                              000                           
0010001300065T 1401897X0000000092096 24778822500000948   700000000000094825072025000000000013736001004561000000948                0900000000000000000000000000000000000000000000000000000   000000000000000000000000000        170192477882     
0010001300066U 140000000000000000000000000000000000000000000000000000000000000000000000000000000000000000000000000000000000000000000000001507202500000000            000000000000000                              000                           
0010001300067T 1401897X0000000092096 24778822500001077   700000000000107718072025000000000029276001004154000001077                0900000000000000000000000000000000000000000000000000000   000000000000000000000000000        170192477882     
0010001300068U 140000000000000000000000000000000000000000000000000000000000000000000000000000000000000000000000000000000000000000000000001507202500000000            000000000000000                              000                           
00100015         000070006452000000017255196540000000000000000000000000000000000000000000000000000000000000000000000000000000000000000000000000000                                                                                              
00199999         000001000072000000                                                                                                                                                            00000000000000000000000000000                    
