00100000         2115139610001160024778820014       01897X0000000092096 FUNDACAO AGENCIA DAS BACIAS HIBANCO DO BRASIL                         21109202501481200622103000000829973081PROCESSAMEN                                                 
00100011T0100020 20115139610001160024778820014       01897X0000000092096 FUNDACAO AGENCIA DAS BACIAS HI                                                                                000000001109202500000000  000000000                      
0010001300001T 0201897X0000000092096 24778829000008884   7000008884      30092025000000000045745001066583000008884                0900000000000010000000000000000000000000000000000000000   0000000000000000000000519A9        170192477882     
0010001300002U 020000000000000000000000000000000000000000000000000000000000000000000000000000000000000000000000000000000000000000000000001109202500000000            000000000000000                              000                           
0010001300003T 0201897X0000000092096 24778829000008885   7000008885      30092025000000000030921001003018000008885                0900000000000010500000000000000000000000000000000000000   0000000000000000000000519A9A4      170192477882     
0010001300004U 020000000000000000000000000000000000000000000000000000000000000000000000000000000000000000000000000000000000000000000000001109202500000000            000000000000000                              000                           
0010001300005T 0201897X0000000092096 24778829000008887   7000008887      30092025000000000031919001003409000008887                0900000000000010500000000000000000000000000000000000000   0000000000000000000000519A9A4      170192477882     
0010001300006U 020000000000000000000000000000000000000000000000000000000000000000000000000000000000000000000000000000000000000000000000001109202500000000            000000000000000                              000                           
0010001300007T 0601897X0000000092096 24778822500004809   700000000000480930092025000000000084748001009741000004809                0900000000000010040000000000000000000000000000000000000   000000000000000000000000034        170192477882     
0010001300008U 060000000000000000000000000000000000000000000000000000000000000000000000847480000000000847480000000000000000000000000000001109202512092025            000000000000000                              000                           
0010001300009T 0601897X0000000092096 24778822500006062   700000000000606230092025000000000041719033000130000006062                0900000000000010100000000000000000000000000000000000000   000000000000000000000000004        170192477882     
0010001300010U 060000000000000000000000000000000000000000000000000000000000000000000000417190000000000417190000000000000000000000000000001109202512092025            000000000000000                              000                           
0010001300011T 0601897X0000000092096 24778829000008863   7000008863      30092025000000000033363104002780000008863                0900000000000010100000000000000000000000000000000000000   000000000000000000000000004        170192477882     
0010001300012U 060000000000000000000000000000000000000000000000000000000000000000000000333630000000000333630000000000000000000000000000001109202512092025            000000000000000                              000                           
00100015         000014003475000000011448888640000000000000000000000000000000000000000000000000000000000000000000000000000000000000000000000000000                                                                                              
00199999         000001000016000000                                                                                                                                                            00000000000000000000000000000                    
