00100000         2115139610001160024778820014       01897X0000000092096 FUNDACAO AGENCIA DAS BACIAS HIBANCO DO BRASIL                         21908202502025000618703000000829973081PROCESSAMEN                                                 
00100011T0100020 20115139610001160024778820014       01897X0000000092096 FUNDACAO AGENCIA DAS BACIAS HI                                                                                000000001908202500000000  000000000                      
0010001300001T 0201897X0000000092096 24778829000008777   7000008777      29082025000000000008023001006998000008777                0900000000000010000000000000000000000000000000000000000   0000000000000000000000519A9        170192477882     
0010001300002U 020000000000000000000000000000000000000000000000000000000000000000000000000000000000000000000000000000000000000000000000001908202500000000            000000000000000                              000                           
0010001300003T 0201897X0000000092096 24778829000008778   7000008778      30092025000000000120453001009946000008778                0900000000000010000000000000000000000000000000000000000   0000000000000000000000519A9        170192477882     
0010001300004U 020000000000000000000000000000000000000000000000000000000000000000000000000000000000000000000000000000000000000000000000001908202500000000            000000000000000                              000                           
0010001300005T 0601897X0000000092096 24778822500001992   700000000000199229082025000000000024926033030750000001992                0900000000000010100000000000000000000000000000000000000   000000000000000000000000004        170192477882     
0010001300006U 060000000000000000000000000000000000000000000000000000000000000000000000249260000000000249260000000000000000000000000000001908202520082025            000000000000000                              000                           
0010001300007T 0601897X0000000092096 24778822500002148   700000000000214829082025000000000022607756072790000002148                0900000000000010100000000000000000000000000000000000000   000000000000000000000000004        170192477882     
0010001300008U 060000000000000000000000000000000000000000000000000000000000000000000000226070000000000226070000000000000000000000000000001908202520082025            000000000000000                              000                           
0010001300009T 0601897X0000000092096 24778822500005865   700000000000586529082025000000000045051033047420000005865                0900000000000010100000000000000000000000000000000000000   000000000000000000000000004        170192477882     
0010001300010U 060000000000000000000000000000000000000000000000000000000000000000000000450510000000000450510000000000000000000000000000001908202520082025            000000000000000                              000                           
0010001300011T 0601897X0000000092096 24778822500006326   700000000000632631072025000000000037409237003220000006326                0900000000000010100000000000000000000000000000000000000   000000000000000000000000004        170192477882     
0010001300012U 060000000000009840000000000000000000000000000000000000000000000000000000383930000000000383930000000000000000000000000000001908202520082025            000000000000000                              000                           
0010001300013T 0601897X0000000092096 24778822500007370   700000000000737029082025000000000025094033000900000007370                0900000000000010100000000000000000000000000000000000000   000000000000000000000000004        170192477882     
0010001300014U 060000000000000000000000000000000000000000000000000000000000000000000000250940000000000250940000000000000000000000000000001908202520082025            000000000000000                              000                           
0010001300015T 0601897X0000000092096 24778822500007468   700000000000746829082025000000000024467341000920000007468                0900000000000010100000000000000000000000000000000000000   000000000000000000000000004        170192477882     
0010001300016U 060000000000000000000000000000000000000000000000000000000000000000000000244670000000000244670000000000000000000000000000001908202520082025            000000000000000                              000                           
0010001300017T 0601897X0000000092096 24778822500008007   700000000000800729082025000000000020326001024538000008007                0900000000000010040000000000000000000000000000000000000   000000000000000000000000034        170192477882     
0010001300018U 060000000000000000000000000000000000000000000000000000000000000000000000203260000000000203260000000000000000000000000000001908202520082025            000000000000000                              000                           
0010001300019T 0601897X0000000092096 24778829000008770   7000008770      29082025000000000021878104007410000008770                0900000000000010100000000000000000000000000000000000000   000000000000000000000000004        170192477882     
0010001300020U 060000000000000000000000000000000000000000000000000000000000000000000000218780000000000218780000000000000000000000000000001908202520082025            000000000000000                              000                           
0010001300021T 0601897X0000000092096 24778829000008776   7000008776      29082025000000000015459237002140000008776                0900000000000010100000000000000000000000000000000000000   000000000000000000000000004        170192477882     
0010001300022U 060000000000000000000000000000000000000000000000000000000000000000000000154590000000000154590000000000000000000000000000001908202520082025            000000000000000                              000                           
0010001300023T 0901897X0000000092096 24778822500000444   70000000000004441507202500000000003122200101849X000000444                0900000000000000000000000000000000000000000000000000000   000000000000000000000039009        170192477882     
0010001300024U 090000000000000000000000000000000000000000000000000000000000000000000000000000000000000000000000000000000000000000000000001908202500000000            000000000000000                              000                           
0010001300025T 0901897X0000000092096 24778822500005352   70000000000053521507202500000000006064200100216X000005352                0900000000000000000000000000000000000000000000000000000   000000000000000000000039009        170192477882     
0010001300026U 090000000000000000000000000000000000000000000000000000000000000000000000000000000000000000000000000000000000000000000000001908202500000000            000000000000000                              000                           
0010001300027T 0901897X0000000092096 24778829000008643   7000008643      31072025000000000118093001009946000008643                0900000000000000000000000000000000000000000000000000000   000000000000000000000039010        170192477882     
0010001300028U 090000000000000000000000000000000000000000000000000000000000000000000000000000000000000000000000000000000000000000000000001908202500000000            000000000000000                              000                           
00100015         000030004616000000013884855470000000000000000000000000000000000000000000000000000000000000000000000000000000000000000000000000000                                                                                              
00199999         000001000032000000                                                                                                                                                            00000000000000000000000000000                    
