00100000         2115139610001160024778820014       01897X0000000092096 FUNDACAO AGENCIA DAS BACIAS HIBANCO DO BRASIL                         21206202502030900609303000000829973081PROCESSAMEN                                                 
00100011T0100020 20115139610001160024778820014       01897X0000000092096 FUNDACAO AGENCIA DAS BACIAS HI                                                                                000000001206202500000000  000000000                      
0010001300001T 0201897X0000000092096 24778829000008621   7000008621      30062025000000000089780001006998000008621                0900000000000010500000000000000000000000000000000000000   0000000000000000000000519A9A4      170192477882     
0010001300002U 020000000000000000000000000000000000000000000000000000000000000000000000000000000000000000000000000000000000000000000000001206202500000000            000000000000000                              000                           
0010001300003T 0201897X0000000092096 24778829000008622   7000008622      30062025000000000447922001069833000008622                0900000000000010000000000000000000000000000000000000000   0000000000000000000000519A9        170192477882     
0010001300004U 020000000000000000000000000000000000000000000000000000000000000000000000000000000000000000000000000000000000000000000000001206202500000000            000000000000000                              000                           
0010001300005T 0601897X0000000092096 24778822500000102   700000000000010230062025000000000145982341004450000000102                0900000000000010100000000000000000000000000000000000000   000000000000000000000000004        170192477882     
0010001300006U 060000000000000000000000000000000000000000000000000000000000000000000001459820000000001459820000000000000000000000000000001206202513062025            000000000000000                              000                           
0010001300007T 0601897X0000000092096 24778822500000346   70000000000003463006202500000000003609500101897X000000346                0900000000000010090000000000000000000000000000000000000   000000000000000000000000006        170192477882     
0010001300008U 060000000000000000000000000000000000000000000000000000000000000000000000360950000000000360950000000000000000000000000000001206202513062025            000000000000000                              000                           
0010001300009T 0601897X0000000092096 24778822500000632   700000000000063230062025000000000025223033035840000000632                0900000000000010100000000000000000000000000000000000000   000000000000000000000000004        170192477882     
0010001300010U 060000000000000000000000000000000000000000000000000000000000000000000000252230000000000252230000000000000000000000000000001206202513062025            000000000000000                              000                           
0010001300011T 0601897X0000000092096 24778822500000860   700000000000086030062025000000000017491001002178000000860                0900000000000010070000000000000000000000000000000000000   000000000000000000000000031        170192477882     
0010001300012U 060000000000000000000000000000000000000000000000000000000000000000000000174910000000000174910000000000000000000000000000001206202513062025            000000000000000                              000                           
0010001300013T 0601897X0000000092096 24778822500005163   700000000000516330062025000000000066172341000330000005163                0900000000000010100000000000000000000000000000000000000   000000000000000000000000004        170192477882     
0010001300014U 060000000000000000000000000000000000000000000000000000000000000000000000661720000000000661720000000000000000000000000000001206202513062025            000000000000000                              000                           
0010001300015T 0901897X0000000092096 24778822500005219   700000000000521930062025000000000063988001069833000005219                0900000000000000000000000000000000000000000000000000000   000000000000000000000039010        170192477882     
0010001300016U 090000000000000000000000000000000000000000000000000000000000000000000000000000000000000000000000000000000000000000000000001206202500000000            000000000000000                              000                           
0010001300017T 0901897X0000000092096 24778822500005220   700000000000522031072025000000000063989001069833000005220                0900000000000000000000000000000000000000000000000000000   000000000000000000000039010        170192477882     
0010001300018U 090000000000000000000000000000000000000000000000000000000000000000000000000000000000000000000000000000000000000000000000001206202500000000            000000000000000                              000                           
0010001300019T 0901897X0000000092096 24778822500005221   700000000000522129082025000000000063989001069833000005221                0900000000000000000000000000000000000000000000000000000   000000000000000000000039010        170192477882     
0010001300020U 090000000000000000000000000000000000000000000000000000000000000000000000000000000000000000000000000000000000000000000000001206202500000000            000000000000000                              000                           
0010001300021T 0901897X0000000092096 24778822500005222   700000000000522230092025000000000063989001069833000005222                0900000000000000000000000000000000000000000000000000000   000000000000000000000039010        170192477882     
0010001300022U 090000000000000000000000000000000000000000000000000000000000000000000000000000000000000000000000000000000000000000000000001206202500000000            000000000000000                              000                           
0010001300023T 0901897X0000000092096 24778822500005223   700000000000522331102025000000000063989001069833000005223                0900000000000000000000000000000000000000000000000000000   000000000000000000000039010        170192477882     
0010001300024U 090000000000000000000000000000000000000000000000000000000000000000000000000000000000000000000000000000000000000000000000001206202500000000            000000000000000                              000                           
0010001300025T 0901897X0000000092096 24778822500005224   700000000000522428112025000000000063989001069833000005224                0900000000000000000000000000000000000000000000000000000   000000000000000000000039010        170192477882     
0010001300026U 090000000000000000000000000000000000000000000000000000000000000000000000000000000000000000000000000000000000000000000000001206202500000000            000000000000000                              000                           
0010001300027T 0901897X0000000092096 24778822500005225   700000000000522519122025000000000063989001069833000005225                0900000000000000000000000000000000000000000000000000000   000000000000000000000039010        170192477882     
0010001300028U 090000000000000000000000000000000000000000000000000000000000000000000000000000000000000000000000000000000000000000000000001206202500000000            000000000000000                              000                           
00100015         000030008111000000021714592860000000000000000000000000000000000000000000000000000000000000000000000000000000000000000000000000000                                                                                              
00199999         000001000032000000                                                                                                                                                            00000000000000000000000000000                    
