00100000         2115139610001160024778820014       01897X0000000092096 FUNDACAO AGENCIA DAS BACIAS HIBANCO DO BRASIL                         22307202502010100614903000000829973081PROCESSAMEN                                                 
00100011T0100020 20115139610001160024778820014       01897X0000000092096 FUNDACAO AGENCIA DAS BACIAS HI                                                                                000000002307202500000000  000000000                      
0010001300001T 0201897X0000000092096 24778829000008707   7000008707      29082025000000000243507001024171000008707                0900000000000010500000000000000000000000000000000000000   0000000000000000000000519A9A4      170192477882     
0010001300002U 020000000000000000000000000000000000000000000000000000000000000000000000000000000000000000000000000000000000000000000000002307202500000000            000000000000000                              000                           
0010001300003T 0201897X0000000092096 24778829000008708   7000008708      29082025000000000162574001024171000008708                0900000000000010500000000000000000000000000000000000000   0000000000000000000000519A9A4      170192477882     
0010001300004U 020000000000000000000000000000000000000000000000000000000000000000000000000000000000000000000000000000000000000000000000002307202500000000            000000000000000                              000                           
0010001300005T 0601897X0000000092096 24778822500001028   700000000000102831072025000000000029650033036340000001028                0900000000000010100000000000000000000000000000000000000   000000000000000000000000004        170192477882     
0010001300006U 060000000000000000000000000000000000000000000000000000000000000000000000296500000000000296500000000000000000000000000000002307202524072025            000000000000000                              000                           
0010001300007T 0601897X0000000092096 24778822500001190   700000000000119031072025000000000026125033013190000001190                0900000000000010100000000000000000000000000000000000000   000000000000000000000000004        170192477882     
0010001300008U 060000000000000000000000000000000000000000000000000000000000000000000000261250000000000261250000000000000000000000000000002307202524072025            000000000000000                              000                           
0010001300009T 0601897X0000000092096 24778822500001664   700000000000166431072025000000000024397033013190000001664                0900000000000010100000000000000000000000000000000000000   000000000000000000000000004        170192477882     
0010001300010U 060000000000000000000000000000000000000000000000000000000000000000000000243970000000000243970000000000000000000000000000002307202524072025            000000000000000                              000                           
0010001300011T 0601897X0000000092096 24778822500001757   700000000000175731072025000000000023295341004450000001757                0900000000000010100000000000000000000000000000000000000   000000000000000000000000004        170192477882     
0010001300012U 060000000000000000000000000000000000000000000000000000000000000000000000232950000000000232950000000000000000000000000000002307202524072025            000000000000000                              000                           
0010001300013T 0601897X0000000092096 24778822500001787   700000000000178731072025000000000023024341026900000001787                0900000000000010100000000000000000000000000000000000000   000000000000000000000000004        170192477882     
0010001300014U 060000000000000000000000000000000000000000000000000000000000000000000000230240000000000230240000000000000000000000000000002307202524072025            000000000000000                              000                           
0010001300015T 0601897X0000000092096 24778822500002303   700000000000230331072025000000000021399237002150000002303                0900000000000010100000000000000000000000000000000000000   000000000000000000000000004        170192477882     
0010001300016U 060000000000000000000000000000000000000000000000000000000000000000000000213990000000000213990000000000000000000000000000002307202524072025            000000000000000                              000                           
0010001300017T 0601897X0000000092096 24778822500002583   700000000000258330062025000000000022237033036890000002583                0900000000000010100000000000000000000000000000000000000   000000000000000000000000004        170192477882     
0010001300018U 060000000000006140000000000000000000000000000000000000000000000000000000228510000000000228510000000000000000000000000000002307202524072025            000000000000000                              000                           
0010001300019T 0601897X0000000092096 24778822500002619   700000000000261931072025000000000021883341015630000002619                0900000000000010100000000000000000000000000000000000000   000000000000000000000000004        170192477882     
0010001300020U 060000000000000000000000000000000000000000000000000000000000000000000000218830000000000218830000000000000000000000000000002307202524072025            000000000000000                              000                           
0010001300021T 0601897X0000000092096 24778822500002734   700000000000273431072025000000000020494033036440000002734                0900000000000010100000000000000000000000000000000000000   000000000000000000000000004        170192477882     
0010001300022U 060000000000000000000000000000000000000000000000000000000000000000000000204940000000000204940000000000000000000000000000002307202524072025            000000000000000                              000                           
0010001300023T 0601897X0000000092096 24778822500002793   700000000000279330062025000000000020035033002100000002793                0900000000000010100000000000000000000000000000000000000   000000000000000000000000004        170192477882     
0010001300024U 060000000000005530000000000000000000000000000000000000000000000000000000205880000000000205880000000000000000000000000000002307202524072025            000000000000000                              000                           
0010001300025T 0601897X0000000092096 24778822500002794   700000000000279431072025000000000020037033002100000002794                0900000000000010100000000000000000000000000000000000000   000000000000000000000000004        170192477882     
0010001300026U 060000000000000000000000000000000000000000000000000000000000000000000000200370000000000200370000000000000000000000000000002307202524072025            000000000000000                              000                           
0010001300027T 0601897X0000000092096 24778822500003061   700000000000306125072025000000000021416237006270000003061                0900000000000010100000000000000000000000000000000000000   000000000000000000000000004        170192477882     
0010001300028U 060000000000000000000000000000000000000000000000000000000000000000000000214160000000000214160000000000000000000000000000002307202524072025            000000000000000                              000                           
0010001300029T 0601897X0000000092096 24778822500003062   700000000000306231072025000000000021417237006270000003062                0900000000000010100000000000000000000000000000000000000   000000000000000000000000004        170192477882     
0010001300030U 060000000000000000000000000000000000000000000000000000000000000000000000214170000000000214170000000000000000000000000000002307202524072025            000000000000000                              000                           
0010001300031T 0601897X0000000092096 24778822500003302   700000000000330231072025000000008608101104030800000003302                0900000000000010100000000000000000000000000000000000000   000000000000000000000000004        170192477882     
0010001300032U 060000000000000000000000000000000000000000000000000000000000000000000086081010000000086081010000000000000000000000000000002307202524072025            000000000000000                              000                           
0010001300033T 0601897X0000000092096 24778822500003715   700000000000371531072025000000000388230001009741000003715                0900000000000010040000000000000000000000000000000000000   000000000000000000000000034        170192477882     
0010001300034U 060000000000000000000000000000000000000000000000000000000000000000000003882300000000003882300000000000000000000000000000002307202524072025            000000000000000                              000                           
0010001300035T 0601897X0000000092096 24778822500004624   700000000000462430062025000000000097408341000280000004624                0900000000000010100000000000000000000000000000000000000   000000000000000000000000004        170192477882     
0010001300036U 060000000000026940000000000000000000000000000000000000000000000000000001001020000000001001020000000000000000000000000000002307202524072025            000000000000000                              000                           
0010001300037T 0601897X0000000092096 24778822500004639   700000000000463931072025000000000096527341025180000004639                0900000000000010100000000000000000000000000000000000000   000000000000000000000000004        170192477882     
0010001300038U 060000000000000000000000000000000000000000000000000000000000000000000000965270000000000965270000000000000000000000000000002307202524072025            000000000000000                              000                           
0010001300039T 0601897X0000000092096 24778822500005059   700000000000505931072025000000000072315341000540000005059                0900000000000010100000000000000000000000000000000000000   000000000000000000000000004        170192477882     
0010001300040U 060000000000000000000000000000000000000000000000000000000000000000000000723150000000000723150000000000000000000000000000002307202524072025            000000000000000                              000                           
0010001300041T 0601897X0000000092096 24778822500005948   700000000000594831072025000000000042515237013680000005948                0900000000000010100000000000000000000000000000000000000   000000000000000000000000004        170192477882     
0010001300042U 060000000000000000000000000000000000000000000000000000000000000000000000425150000000000425150000000000000000000000000000002307202524072025            000000000000000                              000                           
0010001300043T 0601897X0000000092096 24778822500006178   700000000000617830062025000000000039800341015650000006178                0900000000000010100000000000000000000000000000000000000   000000000000000000000000004        170192477882     
0010001300044U 060000000000011010000000000000000000000000000000000000000000000000000000409010000000000409010000000000000000000000000000002307202524072025            000000000000000                              000                           
0010001300045T 0601897X0000000092096 24778822500006802   700000000000680231072025000000000031974341048970000006802                0900000000000010100000000000000000000000000000000000000   000000000000000000000000004        170192477882     
0010001300046U 060000000000000000000000000000000000000000000000000000000000000000000000319740000000000319740000000000000000000000000000002307202524072025            000000000000000                              000                           
0010001300047T 0601897X0000000092096 24778822500006942   700000000000694231072025000000000030322509000010000006942                0900000000000010100000000000000000000000000000000000000   000000000000000000000000004        170192477882     
0010001300048U 060000000000000000000000000000000000000000000000000000000000000000000000303220000000000303220000000000000000000000000000002307202524072025            000000000000000                              000                           
0010001300049T 0601897X0000000092096 24778822500007011   700000000000701125072025000000000029718237033900000007011                0900000000000010100000000000000000000000000000000000000   000000000000000000000000004        170192477882     
0010001300050U 060000000000000000000000000000000000000000000000000000000000000000000000297180000000000297180000000000000000000000000000002307202524072025            000000000000000                              000                           
0010001300051T 0601897X0000000092096 24778829000008558   7000008558      31072025000000000098206341048970000008558                0900000000000010100000000000000000000000000000000000000   000000000000000000000000004        170192477882     
0010001300052U 060000000000000000000000000000000000000000000000000000000000000000000000982060000000000982060000000000000000000000000000002307202524072025            000000000000000                              000                           
0010001300053T 0901897X0000000092096 24778829000008651   7000008651      30062025000000000045146001003409000008651                0900000000000000000000000000000000000000000000000000000   000000000000000000000039010        170192477882     
0010001300054U 090000000000000000000000000000000000000000000000000000000000000000000000000000000000000000000000000000000000000000000000002307202500000000            000000000000000                              000                           
0010001300055T 1401897X0000000092096 24778822500000483   700000000000048331072025000000000029288001004154000000483                0900000000000000000000000000000000000000000000000000000   000000000000000000000000000        170192477882     
0010001300056U 140000000000000000000000000000000000000000000000000000000000000000000000000000000000000000000000000000000000000000000000002307202500000000            000000000000000                              000                           
0010001300057T 1401897X0000000092096 24778822500000752   700000000000075231072025000000000021882001003409000000752                0900000000000000000000000000000000000000000000000000000   000000000000000000000000000        170192477882     
0010001300058U 140000000000000000000000000000000000000000000000000000000000000000000000000000000000000000000000000000000000000000000000002307202500000000            000000000000000                              000                           
0010001300059T 1401897X0000000092096 24778822500003061   700000000000306125072025000000000021416001003409000003061                0900000000000000000000000000000000000000000000000000000   000000000000000000000000000        170192477882     
0010001300060U 140000000000000000000000000000000000000000000000000000000000000000000000000000000000000000000000000000000000000000000000002307202500000000            000000000000000                              000                           
0010001300061T 1401897X0000000092096 24778822500004295   700000000000429525072025000000000138543001003409000004295                0900000000000000000000000000000000000000000000000000000   000000000000000000000000000        170192477882     
0010001300062U 140000000000000000000000000000000000000000000000000000000000000000000000000000000000000000000000000000000000000000000000002307202500000000            000000000000000                              000                           
0010001300063T 1401897X0000000092096 24778822500005142   700000000000514225072025000000000066918001003018000005142                0900000000000000000000000000000000000000000000000000000   000000000000000000000000000        170192477882     
0010001300064U 140000000000000000000000000000000000000000000000000000000000000000000000000000000000000000000000000000000000000000000000002307202500000000            000000000000000                              000                           
0010001300065T 1401897X0000000092096 24778822500006024   700000000000602425072025000000000041823001000272000006024                0900000000000000000000000000000000000000000000000000000   000000000000000000000000000        170192477882     
0010001300066U 140000000000000000000000000000000000000000000000000000000000000000000000000000000000000000000000000000000000000000000000002307202500000000            000000000000000                              000                           
0010001300067T 1401897X0000000092096 24778822500006304   700000000000630425072025000000000037644001004154000006304                0900000000000000000000000000000000000000000000000000000   000000000000000000000000000        170192477882     
0010001300068U 140000000000000000000000000000000000000000000000000000000000000000000000000000000000000000000000000000000000000000000000002307202500000000            000000000000000                              000                           
00100015         000070006367000000017041790780000000000000000000000000000000000000000000000000000000000000000000000000000000000000000000000000000                                                                                              
00199999         000001000072000000                                                                                                                                                            00000000000000000000000000000                    
