00100000         2115139610001160024778820014       01897X0000000092096 FUNDACAO AGENCIA DAS BACIAS HIBANCO DO BRASIL                         21806202502035900610103000000829973081PROCESSAMEN                                                 
00100011T0100020 20115139610001160024778820014       01897X0000000092096 FUNDACAO AGENCIA DAS BACIAS HI                                                                                000000001806202500000000  000000000                      
0010001300001T 0201897X0000000092096 24778829000008628   7000008628      30062025000000000021339001004561000008628                0900000000000010500000000000000000000000000000000000000   0000000000000000000000519A9A4      170192477882     
0010001300002U 020000000000000000000000000000000000000000000000000000000000000000000000000000000000000000000000000000000000000000000000001806202500000000            000000000000000                              000                           
0010001300003T 0201897X0000000092096 24778829000008629   7000008629      30062025000000000027176001004154000008629                0900000000000010500000000000000000000000000000000000000   0000000000000000000000519A9A4      170192477882     
0010001300004U 020000000000000000000000000000000000000000000000000000000000000000000000000000000000000000000000000000000000000000000000001806202500000000            000000000000000                              000                           
0010001300005T 0201897X0000000092096 24778829000008630   7000008630      31072025000000000027176001004154000008630                0900000000000010500000000000000000000000000000000000000   0000000000000000000000519A9A4      170192477882     
0010001300006U 020000000000000000000000000000000000000000000000000000000000000000000000000000000000000000000000000000000000000000000000001806202500000000            000000000000000                              000                           
0010001300007T 0201897X0000000092096 24778829000008631   7000008631      29082025000000000027176001004154000008631                0900000000000010500000000000000000000000000000000000000   0000000000000000000000519A9A4      170192477882     
0010001300008U 020000000000000000000000000000000000000000000000000000000000000000000000000000000000000000000000000000000000000000000000001806202500000000            000000000000000                              000                           
0010001300009T 0201897X0000000092096 24778829000008632   7000008632      30092025000000000027176001004154000008632                0900000000000010500000000000000000000000000000000000000   0000000000000000000000519A9A4      170192477882     
0010001300010U 020000000000000000000000000000000000000000000000000000000000000000000000000000000000000000000000000000000000000000000000001806202500000000            000000000000000                              000                           
0010001300011T 0201897X0000000092096 24778829000008633   7000008633      31102025000000000027176001004154000008633                0900000000000010500000000000000000000000000000000000000   0000000000000000000000519A9A4      170192477882     
0010001300012U 020000000000000000000000000000000000000000000000000000000000000000000000000000000000000000000000000000000000000000000000001806202500000000            000000000000000                              000                           
0010001300013T 0201897X0000000092096 24778829000008634   7000008634      30062025000000000029315001008117000008634                0900000000000010500000000000000000000000000000000000000   0000000000000000000000519A9A4      170192477882     
0010001300014U 020000000000000000000000000000000000000000000000000000000000000000000000000000000000000000000000000000000000000000000000001806202500000000            000000000000000                              000                           
0010001300015T 0201897X0000000092096 24778829000008635   7000008635      30062025000000000048747001003409000008635                0900000000000010000000000000000000000000000000000000000   0000000000000000000000519A9        170192477882     
0010001300016U 020000000000000000000000000000000000000000000000000000000000000000000000000000000000000000000000000000000000000000000000001806202500000000            000000000000000                              000                           
0010001300017T 0601897X0000000092096 24778822500000007   700000000000000730062025000000001971506745000010000000007                0900000000000010100000000000000000000000000000000000000   000000000000000000000000004        170192477882     
0010001300018U 060000000000000000000000000000000000000000000000000000000000000000000019715060000000019715060000000000000000000000000000001806202520062025            000000000000000                              000                           
0010001300019T 0601897X0000000092096 24778822500000062   700000000000006230062025000000000241359341020000000000062                0900000000000010100000000000000000000000000000000000000   000000000000000000000000004        170192477882     
0010001300020U 060000000000000000000000000000000000000000000000000000000000000000000002413590000000002413590000000000000000000000000000001806202520062025            000000000000000                              000                           
0010001300021T 0601897X0000000092096 24778822500000107   70000000000001073006202500000000014384600103360X000000107                0900000000000010040000000000000000000000000000000000000   000000000000000000000000034        170192477882     
0010001300022U 060000000000000000000000000000000000000000000000000000000000000000000001438460000000001438460000000000000000000000000000001806202520062025            000000000000000                              000                           
0010001300023T 0601897X0000000092096 24778822500000156   700000000000015630062025000000000090834341020000000000156                0900000000000010100000000000000000000000000000000000000   000000000000000000000000004        170192477882     
0010001300024U 060000000000000000000000000000000000000000000000000000000000000000000000908340000000000908340000000000000000000000000000001806202520062025            000000000000000                              000                           
0010001300025T 0601897X0000000092096 24778822500000169   700000000000016930062025000000000087532341020000000000169                0900000000000010100000000000000000000000000000000000000   000000000000000000000000004        170192477882     
0010001300026U 060000000000000000000000000000000000000000000000000000000000000000000000875320000000000875320000000000000000000000000000001806202520062025            000000000000000                              000                           
0010001300027T 0601897X0000000092096 24778822500000399   700000000000039930062025000000000033668341063450000000399                0900000000000010100000000000000000000000000000000000000   000000000000000000000000004        170192477882     
0010001300028U 060000000000000000000000000000000000000000000000000000000000000000000000336680000000000336680000000000000000000000000000001806202520062025            000000000000000                              000                           
0010001300029T 0601897X0000000092096 24778822500000652   700000000000065230062025000000000024623341048710000000652                0900000000000010100000000000000000000000000000000000000   000000000000000000000000004        170192477882     
0010001300030U 060000000000000000000000000000000000000000000000000000000000000000000000246230000000000246230000000000000000000000000000001806202520062025            000000000000000                              000                           
0010001300031T 0601897X0000000092096 24778822500000696   700000000000069630062025000000000023421341063450000000696                0900000000000010100000000000000000000000000000000000000   000000000000000000000000004        170192477882     
0010001300032U 060000000000000000000000000000000000000000000000000000000000000000000000234210000000000234210000000000000000000000000000001806202520062025            000000000000000                              000                           
0010001300033T 0601897X0000000092096 24778822500001639   700000000000163930062025000000000024397237002150000001639                0900000000000010100000000000000000000000000000000000000   000000000000000000000000004        170192477882     
0010001300034U 060000000000000000000000000000000000000000000000000000000000000000000000243970000000000243970000000000000000000000000000001806202520062025            000000000000000                              000                           
0010001300035T 0601897X0000000092096 24778822500002038   700000000000203830062025000000000023863237005200000002038                0900000000000010100000000000000000000000000000000000000   000000000000000000000000004        170192477882     
0010001300036U 060000000000000000000000000000000000000000000000000000000000000000000000238630000000000238630000000000000000000000000000001806202520062025            000000000000000                              000                           
0010001300037T 0601897X0000000092096 24778822500002166   700000000000216630062025000000000022251104028860000002166                0900000000000010100000000000000000000000000000000000000   000000000000000000000000004        170192477882     
0010001300038U 060000000000000000000000000000000000000000000000000000000000000000000000222510000000000222510000000000000000000000000000001806202520062025            000000000000000                              000                           
0010001300039T 0601897X0000000092096 24778822500002167   700000000000216731072025000000000022250104028860000002167                0900000000000010100000000000000000000000000000000000000   000000000000000000000000004        170192477882     
0010001300040U 060000000000000000000000000000000000000000000000000000000000000000000000222500000000000222500000000000000000000000000000001806202520062025            000000000000000                              000                           
0010001300041T 0601897X0000000092096 24778822500003301   700000000000330130062025000000008608100104030800000003301                0900000000000010100000000000000000000000000000000000000   000000000000000000000000004        170192477882     
0010001300042U 060000000000000000000000000000000000000000000000000000000000000000000086081000000000086081000000000000000000000000000000001806202520062025            000000000000000                              000                           
0010001300043T 0601897X0000000092096 24778822500004015   700000000000401530062025000000000210618745000010000004015                0900000000000010100000000000000000000000000000000000000   000000000000000000000000004        170192477882     
0010001300044U 060000000000000000000000000000000000000000000000000000000000000000000002106180000000002106180000000000000000000000000000001806202520062025            000000000000000                              000                           
0010001300045T 0601897X0000000092096 24778822500005170   700000000000517030062025000000000065050341006800000005170                0900000000000010100000000000000000000000000000000000000   000000000000000000000000004        170192477882     
0010001300046U 060000000000000000000000000000000000000000000000000000000000000000000000650500000000000650500000000000000000000000000000001806202520062025            000000000000000                              000                           
0010001300047T 0601897X0000000092096 24778822500005171   700000000000517131072025000000000065048341006800000005171                0900000000000010100000000000000000000000000000000000000   000000000000000000000000004        170192477882     
0010001300048U 060000000000000000000000000000000000000000000000000000000000000000000000650480000000000650480000000000000000000000000000001806202520062025            000000000000000                              000                           
0010001300049T 0601897X0000000092096 24778822500005172   700000000000517229082025000000000065048341006800000005172                0900000000000010100000000000000000000000000000000000000   000000000000000000000000004        170192477882     
0010001300050U 060000000000000000000000000000000000000000000000000000000000000000000000650480000000000650480000000000000000000000000000001806202520062025            000000000000000                              000                           
0010001300051T 0601897X0000000092096 24778822500005173   700000000000517330092025000000000065048341006800000005173                0900000000000010100000000000000000000000000000000000000   000000000000000000000000004        170192477882     
0010001300052U 060000000000000000000000000000000000000000000000000000000000000000000000650480000000000650480000000000000000000000000000001806202520062025            000000000000000                              000                           
0010001300053T 0601897X0000000092096 24778822500005174   700000000000517431102025000000000065048341006800000005174                0900000000000010100000000000000000000000000000000000000   000000000000000000000000004        170192477882     
0010001300054U 060000000000000000000000000000000000000000000000000000000000000000000000650480000000000650480000000000000000000000000000001806202520062025            000000000000000                              000                           
0010001300055T 0601897X0000000092096 24778822500005175   700000000000517528112025000000000065048341006800000005175                0900000000000010100000000000000000000000000000000000000   000000000000000000000000004        170192477882     
0010001300056U 060000000000000000000000000000000000000000000000000000000000000000000000650480000000000650480000000000000000000000000000001806202520062025            000000000000000                              000                           
0010001300057T 0601897X0000000092096 24778822500005176   700000000000517619122025000000000065048341006800000005176                0900000000000010100000000000000000000000000000000000000   000000000000000000000000004        170192477882     
0010001300058U 060000000000000000000000000000000000000000000000000000000000000000000000650480000000000650480000000000000000000000000000001806202520062025            000000000000000                              000                           
0010001300059T 0601897X0000000092096 24778822500005324   700000000000532430062025000000000061245341009420000005324                0900000000000010100000000000000000000000000000000000000   000000000000000000000000004        170192477882     
0010001300060U 060000000000000000000000000000000000000000000000000000000000000000000000612450000000000612450000000000000000000000000000001806202520062025            000000000000000                              000                           
0010001300061T 0601897X0000000092096 24778822500006234   700000000000623430062025000000000038145745000010000006234                0900000000000010100000000000000000000000000000000000000   000000000000000000000000004        170192477882     
0010001300062U 060000000000000000000000000000000000000000000000000000000000000000000000381450000000000381450000000000000000000000000000001806202520062025            000000000000000                              000                           
0010001300063T 0601897X0000000092096 24778822500006857   700000000000685730062025000000000031367237013400000006857                0900000000000010100000000000000000000000000000000000000   000000000000000000000000004        170192477882     
0010001300064U 060000000000000000000000000000000000000000000000000000000000000000000000313670000000000313670000000000000000000000000000001806202520062025            000000000000000                              000                           
0010001300065T 0601897X0000000092096 24778822500006899   700000000000689930062025000000000031026752000010000006899                0900000000000010100000000000000000000000000000000000000   000000000000000000000000004        170192477882     
0010001300066U 060000000000000000000000000000000000000000000000000000000000000000000000310260000000000310260000000000000000000000000000001806202520062025            000000000000000                              000                           
0010001300067T 0601897X0000000092096 24778822500006900   700000000000690031072025000000000031027752000010000006900                0900000000000010100000000000000000000000000000000000000   000000000000000000000000004        170192477882     
0010001300068U 060000000000000000000000000000000000000000000000000000000000000000000000310270000000000310270000000000000000000000000000001806202520062025            000000000000000                              000                           
0010001300069T 0601897X0000000092096 24778822500006901   700000000000690129082025000000000031027752000010000006901                0900000000000010100000000000000000000000000000000000000   000000000000000000000000004        170192477882     
0010001300070U 060000000000000000000000000000000000000000000000000000000000000000000000310270000000000310270000000000000000000000000000001806202520062025            000000000000000                              000                           
0010001300071T 0601897X0000000092096 24778822500006902   700000000000690230092025000000000031027752000010000006902                0900000000000010100000000000000000000000000000000000000   000000000000000000000000004        170192477882     
0010001300072U 060000000000000000000000000000000000000000000000000000000000000000000000310270000000000310270000000000000000000000000000001806202520062025            000000000000000                              000                           
0010001300073T 0601897X0000000092096 24778822500006903   700000000000690331102025000000000031027752000010000006903                0900000000000010100000000000000000000000000000000000000   000000000000000000000000004        170192477882     
0010001300074U 060000000000000000000000000000000000000000000000000000000000000000000000310270000000000310270000000000000000000000000000001806202520062025            000000000000000                              000                           
0010001300075T 0601897X0000000092096 24778822500006904   700000000000690428112025000000000031027752000010000006904                0900000000000010100000000000000000000000000000000000000   000000000000000000000000004        170192477882     
0010001300076U 060000000000000000000000000000000000000000000000000000000000000000000000310270000000000310270000000000000000000000000000001806202520062025            000000000000000                              000                           
0010001300077T 0601897X0000000092096 24778822500006905   700000000000690519122025000000000031027752000010000006905                0900000000000010100000000000000000000000000000000000000   000000000000000000000000004        170192477882     
0010001300078U 060000000000000000000000000000000000000000000000000000000000000000000000310270000000000310270000000000000000000000000000001806202520062025            000000000000000                              000                           
0010001300079T 1401897X0000000092096 24778822500000197   700000000000019711072025000000000065873001009903000000197                0900000000000000000000000000000000000000000000000000000   000000000000000000000000000        170192477882     
0010001300080U 140000000000000000000000000000000000000000000000000000000000000000000000000000000000000000000000000000000000000000000000001806202500000000            000000000000000                              000                           
0010001300081T 1401897X0000000092096 24778822500000274   700000000000027403072025000000000041664001009296000000274                0900000000000000000000000000000000000000000000000000000   000000000000000000000000000        170192477882     
0010001300082U 140000000000000000000000000000000000000000000000000000000000000000000000000000000000000000000000000000000000000000000000001806202500000000            000000000000000                              000                           
00100015         000084008039000000021555915760000000000000000000000000000000000000000000000000000000000000000000000000000000000000000000000000000                                                                                              
00199999         000001000086000000                                                                                                                                                            00000000000000000000000000000                    
