00100000         2115139610001160024778820014       01897X0000000092096 FUNDACAO AGENCIA DAS BACIAS HIBANCO DO BRASIL                         23101202502123500594103000000829973081PROCESSAMEN                                                 
00100011T0100020 20115139610001160024778820014       01897X0000000092096 FUNDACAO AGENCIA DAS BACIAS HI                                                                                000000003101202500000000  000000000                      
0010001300001T 0601897X0000000092096 24778829000008082   7000008082      31012025000000000060638237022970000008082                0900000000000010100000000000000000000000000000000000000   000000000000000000000000004        170192477882     
0010001300002U 060000000000000000000000000000000000000000000000000000000000000000000000606380000000000606380000000000000000000000000000003101202503022025            000000000000000                              000                           
0010001300003T 0601897X0000000092096 24778829000008115   7000008115      31012025000000000201277341091830000008115                0900000000000010100000000000000000000000000000000000000   000000000000000000000000004        170192477882     
0010001300004U 060000000000000000000000000000000000000000000000000000000000000000000002012770000000002012770000000000000000000000000000003101202503022025            000000000000000                              000                           
0010001300005T 0601897X0000000092096 24778829000008187   7000008187      31012025000000000371250274000010000008187                0900000000000010100000000000000000000000000000000000000   000000000000000000000000004        170192477882     
0010001300006U 060000000000000000000000000000000000000000000000000000000000000000000003712500000000003712500000000000000000000000000000003101202503022025            000000000000000                              000                           
0010001300007T 0601897X0000000092096 24778829000008288   7000008288      31012025000000000078409341000500000008288                0900000000000010100000000000000000000000000000000000000   000000000000000000000000004        170192477882     
0010001300008U 060000000000000000000000000000000000000000000000000000000000000000000000784090000000000784090000000000000000000000000000003101202503022025            000000000000000                              000                           
0010001300009T 0601897X0000000092096 24778829000008301   7000008301      31012025000000000053035237033710000008301                0900000000000010100000000000000000000000000000000000000   000000000000000000000000004        170192477882     
0010001300010U 060000000000000000000000000000000000000000000000000000000000000000000000530350000000000530350000000000000000000000000000003101202503022025            000000000000000                              000                           
0010001300011T 0601897X0000000092096 24778829000008369   7000008369      31012025000000001004015033001780000008369                0900000000000010100000000000000000000000000000000000000   000000000000000000000000004        170192477882     
0010001300012U 060000000000000000000000000000000000000000000000000000000000000000000010040150000000010040150000000000000000000000000000003101202503022025            000000000000000                              000                           
0010001300013T 0601897X0000000092096 24778829000008420   7000008420      31012025000000009000000104003410000008420                0900000000000010100000000000000000000000000000000000000   000000000000000000000000004        170192477882     
0010001300014U 060000000000000000000000000000000000000000000000000000000000000000000090000000000000090000000000000000000000000000000000003101202503022025            000000000000000                              000                           
0010001300015T 0601897X0000000092096 24778829000008426   7000008426      31012025000000001970464104019380000008426                0900000000000010100000000000000000000000000000000000000   000000000000000000000000004        170192477882     
0010001300016U 060000000000000000000000000000000000000000000000000000000000000000000019704640000000019704640000000000000000000000000000003101202503022025            000000000000000                              000                           
0010001300017T 0601897X0000000092096 24778829000008449   7000008449      31012025000000001341028341009250000008449                0900000000000010100000000000000000000000000000000000000   000000000000000000000000004        170192477882     
0010001300018U 060000000000000000000000000000000000000000000000000000000000000000000013410280000000013410280000000000000000000000000000003101202503022025            000000000000000                              000                           
0010001300019T 0601897X0000000092096 24778829000008460   7000008460      31012025000000000051722237003220000008460                0900000000000010100000000000000000000000000000000000000   000000000000000000000000004        170192477882     
0010001300020U 060000000000000000000000000000000000000000000000000000000000000000000000517220000000000517220000000000000000000000000000003101202503022025            000000000000000                              000                           
0010001300021T 0601897X0000000092096 24778829000008477   7000008477      31012025000000000339619756013490000008477                0900000000000010100000000000000000000000000000000000000   000000000000000000000000004        170192477882     
0010001300022U 060000000000000000000000000000000000000000000000000000000000000000000003396190000000003396190000000000000000000000000000003101202503022025            000000000000000                              000                           
0010001300023T 0601897X0000000092096 24778829000008482   7000008482      31012025000000000534126341000170000008482                0900000000000010100000000000000000000000000000000000000   000000000000000000000000004        170192477882     
0010001300024U 060000000000000000000000000000000000000000000000000000000000000000000005341260000000005341260000000000000000000000000000003101202503022025            000000000000000                              000                           
0010001300025T 0601897X0000000092096 24778829000008484   7000008484      31012025000000000311526033008460000008484                0900000000000010100000000000000000000000000000000000000   000000000000000000000000004        170192477882     
0010001300026U 060000000000000000000000000000000000000000000000000000000000000000000003115260000000003115260000000000000000000000000000003101202503022025            000000000000000                              000                           
0010001300027T 0601897X0000000092096 24778829000008489   7000008489      31012025000000000230729033012320000008489                0900000000000010100000000000000000000000000000000000000   000000000000000000000000004        170192477882     
0010001300028U 060000000000000000000000000000000000000000000000000000000000000000000002307290000000002307290000000000000000000000000000003101202503022025            000000000000000                              000                           
0010001300029T 0601897X0000000092096 24778829000008490   7000008490      31012025000000000033661033002850000008490                0900000000000010100000000000000000000000000000000000000   000000000000000000000000004        170192477882     
0010001300030U 060000000000000000000000000000000000000000000000000000000000000000000000336610000000000336610000000000000000000000000000003101202503022025            000000000000000                              000                           
00100015         000032000053000000000638054630000000000000000000000000000000000000000000000000000000000000000000000000000000000000000000000000000                                                                                              
00199999         000001000034000000                                                                                                                                                            00000000000000000000000000000                    
