00100000         2115139610001160024778820014       01897X0000000092096 FUNDACAO AGENCIA DAS BACIAS HIBANCO DO BRASIL                         21706202502034100609903000000829973081PROCESSAMEN                                                 
00100011T0100020 20115139610001160024778820014       01897X0000000092096 FUNDACAO AGENCIA DAS BACIAS HI                                                                                000000001706202500000000  000000000                      
0010001300001T 0601897X0000000092096 24778822500000283   700000000000028330062025000000000039640237013680000000283                0900000000000010100000000000000000000000000000000000000   000000000000000000000000004        170192477882     
0010001300002U 060000000000000000000000000000000000000000000000000000000000000000000000396400000000000396400000000000000000000000000000001706202518062025            000000000000000                              000                           
0010001300003T 0601897X0000000092096 24778822500000296   700000000000029630062025000000000038877033022710000000296                0900000000000010100000000000000000000000000000000000000   000000000000000000000000004        170192477882     
0010001300004U 060000000000000000000000000000000000000000000000000000000000000000000000388770000000000388770000000000000000000000000000001706202518062025            000000000000000                              000                           
0010001300005T 0601897X0000000092096 24778822500000600   700000000000060030062025000000000026349033032440000000600                0900000000000010100000000000000000000000000000000000000   000000000000000000000000004        170192477882     
0010001300006U 060000000000000000000000000000000000000000000000000000000000000000000000263490000000000263490000000000000000000000000000001706202518062025            000000000000000                              000                           
0010001300007T 0601897X0000000092096 24778822500000778   700000000000077830062025000000000021171237020280000000778                0900000000000010100000000000000000000000000000000000000   000000000000000000000000004        170192477882     
0010001300008U 060000000000000000000000000000000000000000000000000000000000000000000000211710000000000211710000000000000000000000000000001706202518062025            000000000000000                              000                           
0010001300009T 0601897X0000000092096 24778822500000804   700000000000080430062025000000000019854237020280000000804                0900000000000010100000000000000000000000000000000000000   000000000000000000000000004        170192477882     
0010001300010U 060000000000000000000000000000000000000000000000000000000000000000000000198540000000000198540000000000000000000000000000001706202518062025            000000000000000                              000                           
0010001300011T 0601897X0000000092096 24778822500000971   700000000000097130062025000000000012044001065285000000971                0900000000000010060000000000000000000000000000000000000   000000000000000000000000033        170192477882     
0010001300012U 060000000000000000000000000000000000000000000000000000000000000000000000120440000000000120440000000000000000000000000000001706202518062025            000000000000000                              000                           
0010001300013T 0601897X0000000092096 24778822500001756   700000000000175630062025000000000023296341004450000001756                0900000000000010100000000000000000000000000000000000000   000000000000000000000000004        170192477882     
0010001300014U 060000000000000000000000000000000000000000000000000000000000000000000000232960000000000232960000000000000000000000000000001706202518062025            000000000000000                              000                           
0010001300015T 0601897X0000000092096 24778822500002110   700000000000211030062025000000000023056237001870000002110                0900000000000010100000000000000000000000000000000000000   000000000000000000000000004        170192477882     
0010001300016U 060000000000000000000000000000000000000000000000000000000000000000000000230560000000000230560000000000000000000000000000001706202518062025            000000000000000                              000                           
0010001300017T 0601897X0000000092096 24778822500003229   700000000000322930062025000000000020123341004450000003229                0900000000000010100000000000000000000000000000000000000   000000000000000000000000004        170192477882     
0010001300018U 060000000000000000000000000000000000000000000000000000000000000000000000201230000000000201230000000000000000000000000000001706202518062025            000000000000000                              000                           
0010001300019T 0601897X0000000092096 24778822500004813   700000000000481330062025000000000084567341002570000004813                0900000000000010100000000000000000000000000000000000000   000000000000000000000000004        170192477882     
0010001300020U 060000000000000000000000000000000000000000000000000000000000000000000000845670000000000845670000000000000000000000000000001706202518062025            000000000000000                              000                           
0010001300021T 0601897X0000000092096 24778822500005289   700000000000528930062025000000000062622341009100000005289                0900000000000010100000000000000000000000000000000000000   000000000000000000000000004        170192477882     
0010001300022U 060000000000000000000000000000000000000000000000000000000000000000000000626220000000000626220000000000000000000000000000001706202518062025            000000000000000                              000                           
0010001300023T 0601897X0000000092096 24778822500005576   700000000000557630062025000000000053513237035050000005576                0900000000000010100000000000000000000000000000000000000   000000000000000000000000004        170192477882     
0010001300024U 060000000000000000000000000000000000000000000000000000000000000000000000535130000000000535130000000000000000000000000000001706202518062025            000000000000000                              000                           
0010001300025T 0601897X0000000092096 24778829000008627   7000008627      30062025000000000044221237013680000008627                0900000000000010100000000000000000000000000000000000000   000000000000000000000000004        170192477882     
0010001300026U 060000000000000000000000000000000000000000000000000000000000000000000000442210000000000442210000000000000000000000000000001706202518062025            000000000000000                              000                           
0010001300027T 0901897X0000000092096 24778822500002370   700000000000237030062025000000000020859001009946000002370                0900000000000000000000000000000000000000000000000000000   000000000000000000000039010        170192477882     
0010001300028U 090000000000000000000000000000000000000000000000000000000000000000000000000000000000000000000000000000000000000000000000001706202500000000            000000000000000                              000                           
0010001300029T 0901897X0000000092096 24778822500002371   700000000000237131072025000000000020860001009946000002371                0900000000000000000000000000000000000000000000000000000   000000000000000000000039010        170192477882     
0010001300030U 090000000000000000000000000000000000000000000000000000000000000000000000000000000000000000000000000000000000000000000000001706202500000000            000000000000000                              000                           
0010001300031T 0901897X0000000092096 24778822500002372   700000000000237229082025000000000020860001009946000002372                0900000000000000000000000000000000000000000000000000000   000000000000000000000039010        170192477882     
0010001300032U 090000000000000000000000000000000000000000000000000000000000000000000000000000000000000000000000000000000000000000000000001706202500000000            000000000000000                              000                           
0010001300033T 0901897X0000000092096 24778822500002373   700000000000237330092025000000000020860001009946000002373                0900000000000000000000000000000000000000000000000000000   000000000000000000000039010        170192477882     
0010001300034U 090000000000000000000000000000000000000000000000000000000000000000000000000000000000000000000000000000000000000000000000001706202500000000            000000000000000                              000                           
00100015         000036008062000000021676878460000000000000000000000000000000000000000000000000000000000000000000000000000000000000000000000000000                                                                                              
00199999         000001000038000000                                                                                                                                                            00000000000000000000000000000                    
