00100000         2115139610001160024778820014       01897X0000000092096 FUNDACAO AGENCIA DAS BACIAS HIBANCO DO BRASIL                         21701202502083700592203000000829973081PROCESSAMEN                                                 
00100011T0100020 20115139610001160024778820014       01897X0000000092096 FUNDACAO AGENCIA DAS BACIAS HI                                                                                000000001701202500000000  000000000                      
0010001300001T 0201897X0000000092096 24778829000008488   7000008488      31012025000000000095569001003409000008488                0900000000000010000000000000000000000000000000000000000   0000000000000000000000519A9        170192477882     
0010001300002U 020000000000000000000000000000000000000000000000000000000000000000000000000000000000000000000000000000000000000000000000001701202500000000            000000000000000                              000                           
0010001300003T 0201897X0000000092096 24778829000008489   7000008489      3101202500000000023072900101849X000008489                0900000000000010500000000000000000000000000000000000000   0000000000000000000000519A9A4      170192477882     
0010001300004U 020000000000000000000000000000000000000000000000000000000000000000000000000000000000000000000000000000000000000000000000001701202500000000            000000000000000                              000                           
0010001300005T 0201897X0000000092096 24778829000008490   7000008490      31012025000000000033661001008966000008490                0900000000000010000000000000000000000000000000000000000   0000000000000000000000519A9        170192477882     
0010001300006U 020000000000000000000000000000000000000000000000000000000000000000000000000000000000000000000000000000000000000000000000001701202500000000            000000000000000                              000                           
0010001300007T 0201897X0000000092096 24778829000008491   7000008491      31012025000000000111604001001724000008491                0900000000000010000000000000000000000000000000000000000   0000000000000000000000519A9        170192477882     
0010001300008U 020000000000000000000000000000000000000000000000000000000000000000000000000000000000000000000000000000000000000000000000001701202500000000            000000000000000                              000                           
00100015         000010000271000000000954480900000000000000000000000000000000000000000000000000000000000000000000000000000000000000000000000000000                                                                                              
00199999         000001000012000000                                                                                                                                                            00000000000000000000000000000                    
