00100000         2115139610001160024778820014       01897X0000000092096 FUNDACAO AGENCIA DAS BACIAS HIBANCO DO BRASIL                         21707202502021300614103000000829973081PROCESSAMEN                                                 
00100011T0100020 20115139610001160024778820014       01897X0000000092096 FUNDACAO AGENCIA DAS BACIAS HI                                                                                000000001707202500000000  000000000                      
0010001300001T 0201897X0000000092096 24778829000008698   7000008698      31072025000000000172279001041467000008698                0900000000000010500000000000000000000000000000000000000   0000000000000000000000519A9A4      170192477882     
0010001300002U 020000000000000000000000000000000000000000000000000000000000000000000000000000000000000000000000000000000000000000000000001707202500000000            000000000000000                              000                           
0010001300003T 0201897X0000000092096 24778829000008699   7000008699      31072025000000000254862001003409000008699                0900000000000010500000000000000000000000000000000000000   0000000000000000000000519A9A4      170192477882     
0010001300004U 020000000000000000000000000000000000000000000000000000000000000000000000000000000000000000000000000000000000000000000000001707202500000000            000000000000000                              000                           
0010001300005T 0201897X0000000092096 24778829000008700   7000008700      31072025000000000074414001003409000008700                0900000000000010500000000000000000000000000000000000000   0000000000000000000000519A9A4      170192477882     
0010001300006U 020000000000000000000000000000000000000000000000000000000000000000000000000000000000000000000000000000000000000000000000001707202500000000            000000000000000                              000                           
0010001300007T 0601897X0000000092096 24778822500000053   700000000000005311072025000000000283196001031259000000053                0900000000000010040000000000000000000000000000000000000   000000000000000000000000034        170192477882     
0010001300008U 060000000000062280000000000000000000000000000000000000000000000000000002894240000000002894240000000000000000000000000000001707202518072025            000000000000000                              000                           
0010001300009T 0601897X0000000092096 24778822500001092   700000000000109231072025000000000029215237001510000001092                0900000000000010100000000000000000000000000000000000000   000000000000000000000000004        170192477882     
0010001300010U 060000000000000000000000000000000000000000000000000000000000000000000000292150000000000292150000000000000000000000000000001707202518072025            000000000000000                              000                           
0010001300011T 0601897X0000000092096 24778822500001216   700000000000121631072025000000000025555237005200000001216                0900000000000010100000000000000000000000000000000000000   000000000000000000000000004        170192477882     
0010001300012U 060000000000000000000000000000000000000000000000000000000000000000000000255550000000000255550000000000000000000000000000001707202518072025            000000000000000                              000                           
0010001300013T 0601897X0000000092096 24778822500003104   700000000000310431072025000000000021079033035840000003104                0900000000000010100000000000000000000000000000000000000   000000000000000000000000004        170192477882     
0010001300014U 060000000000000000000000000000000000000000000000000000000000000000000000210790000000000210790000000000000000000000000000001707202518072025            000000000000000                              000                           
0010001300015T 0601897X0000000092096 24778822500003484   700000000000348431072025000000001225190341018280000003484                0900000000000010100000000000000000000000000000000000000   000000000000000000000000004        170192477882     
0010001300016U 060000000000000000000000000000000000000000000000000000000000000000000012251900000000012251900000000000000000000000000000001707202518072025            000000000000000                              000                           
0010001300017T 0601897X0000000092096 24778822500003534   700000000000353429082025000000000879505001065544000003534                0900000000000010040000000000000000000000000000000000000   000000000000000000000000034        170192477882     
0010001300018U 060000000000000000000000000000000000000000000000000000000000000000000008795050000000008795050000000000000000000000000000001707202518072025            000000000000000                              000                           
0010001300019T 0601897X0000000092096 24778822500003714   700000000000371430062025000000000388232001009741000003714                0900000000000010040000000000000000000000000000000000000   000000000000000000000000034        170192477882     
0010001300020U 060000000000099610000000000000000000000000000000000000000000000000000003981930000000003981930000000000000000000000000000001707202518072025            000000000000000                              000                           
0010001300021T 0601897X0000000092096 24778822500006284   700000000000628431072025000000000037641341008970000006284                0900000000000010100000000000000000000000000000000000000   000000000000000000000000004        170192477882     
0010001300022U 060000000000000000000000000000000000000000000000000000000000000000000000376410000000000376410000000000000000000000000000001707202518072025            000000000000000                              000                           
0010001300023T 0601897X0000000092096 24778822500007726   700000000000772631072025000000000022058341002800000007726                0900000000000010100000000000000000000000000000000000000   000000000000000000000000004        170192477882     
0010001300024U 060000000000000000000000000000000000000000000000000000000000000000000000220580000000000220580000000000000000000000000000001707202518072025            000000000000000                              000                           
0010001300025T 0901897X0000000092096 24778822500000060   700000000000006011072025000000000247391001003409000000060                0900000000000000000000000000000000000000000000000000000   000000000000000000000039010        170192477882     
0010001300026U 090000000000000000000000000000000000000000000000000000000000000000000000000000000000000000000000000000000000000000000000001707202500000000            000000000000000                              000                           
0010001300027T 1401897X0000000092096 24778822500003707   70000000000037072507202500000000038988600100216X000003707                0900000000000000000000000000000000000000000000000000000   000000000000000000000000000        170192477882     
0010001300028U 140000000000000000000000000000000000000000000000000000000000000000000000000000000000000000000000000000000000000000000000001707202500000000            000000000000000                              000                           
00100015         000030006432000000017199144120000000000000000000000000000000000000000000000000000000000000000000000000000000000000000000000000000                                                                                              
00199999         000001000032000000                                                                                                                                                            00000000000000000000000000000                    
