00100000         2115139610001160024778820014       01897X0000000092096 FUNDACAO AGENCIA DAS BACIAS HIBANCO DO BRASIL                         20601202501521800590503000000829973081PROCESSAMEN                                                 
00100011T0100020 20115139610001160024778820014       01897X0000000092096 FUNDACAO AGENCIA DAS BACIAS HI                                                                                000000000601202500000000  000000000                      
0010001300001T 0201897X0000000092096 24778829000008478   7000008478      3101202500000000013697700101513X000008478                0900000000000010500000000000000000000000000000000000000   0000000000000000000000519A9A4      170192477882     
0010001300002U 020000000000000000000000000000000000000000000000000000000000000000000000000000000000000000000000000000000000000000000000000601202500000000            000000000000000                              000                           
0010001300003T 0201897X0000000092096 24778829000008479   7000008479      31012025000000000083320001006831000008479                0900000000000010000000000000000000000000000000000000000   0000000000000000000000519A9        170192477882     
0010001300004U 020000000000000000000000000000000000000000000000000000000000000000000000000000000000000000000000000000000000000000000000000601202500000000            000000000000000                              000                           
0010001300005T 0201897X0000000092096 24778829000008480   7000008480      31012025000000000083320001006831000008480                0900000000000010000000000000000000000000000000000000000   0000000000000000000000519A9        170192477882     
0010001300006U 020000000000000000000000000000000000000000000000000000000000000000000000000000000000000000000000000000000000000000000000000601202500000000            000000000000000                              000                           
0010001300007T 0201897X0000000092096 24778829000008481   7000008481      31012025000000000058324001006831000008481                0900000000000010000000000000000000000000000000000000000   0000000000000000000000519A9        170192477882     
0010001300008U 020000000000000000000000000000000000000000000000000000000000000000000000000000000000000000000000000000000000000000000000000601202500000000            000000000000000                              000                           
0010001300009T 0201897X0000000092096 24778829000008482   7000008482      31012025000000000534126001009296000008482                0900000000000010500000000000000000000000000000000000000   0000000000000000000000519A9A4      170192477882     
0010001300010U 020000000000000000000000000000000000000000000000000000000000000000000000000000000000000000000000000000000000000000000000000601202500000000            000000000000000                              000                           
0010001300011T 0601897X0000000092096 24778822400002637   700000000000263719122024000000000217819748051340000002637                0900000000000010100000000000000000000000000000000000000   000000000000000000000000004        170192477882     
0010001300012U 060000000000056610000000000000000000000000000000000000000000000000000002234810000000002234810000000000000000000000000000010601202507012025            000000000000000                              000                           
00100015         000014000269000000001002293880000000000000000000000000000000000000000000000000000000000000000000000000000000000000000000000000000                                                                                              
00199999         000001000016000000                                                                                                                                                            00000000000000000000000000000                    
