00100000         2115139610001160024778820014       01897X0000000092096 FUNDACAO AGENCIA DAS BACIAS HIBANCO DO BRASIL                         20707202502090200612503000000829973081PROCESSAMEN                                                 
00100011T0100020 20115139610001160024778820014       01897X0000000092096 FUNDACAO AGENCIA DAS BACIAS HI                                                                                000000000707202500000000  000000000                      
0010001300001T 0201897X0000000092096 24778829000008680   7000008680      21072025000000000069715001009946000008680                0900000000000010000000000000000000000000000000000000000   0000000000000000000000519A9        170192477882     
0010001300002U 020000000000000000000000000000000000000000000000000000000000000000000000000000000000000000000000000000000000000000000000000707202500000000            000000000000000                              000                           
0010001300003T 0201897X0000000092096 24778829000008682   7000008682      31072025000000000065646001003018000008682                0900000000000010500000000000000000000000000000000000000   0000000000000000000000519A9A4      170192477882     
0010001300004U 020000000000000000000000000000000000000000000000000000000000000000000000000000000000000000000000000000000000000000000000000707202500000000            000000000000000                              000                           
0010001300005T 0201897X0000000092096 24778829000008683   7000008683      1407202500000000111316500101849X000008683                0900000000000010000000000000000000000000000000000000000   0000000000000000000000519A9        170192477882     
0010001300006U 020000000000000000000000000000000000000000000000000000000000000000000000000000000000000000000000000000000000000000000000000707202500000000            000000000000000                              000                           
0010001300007T 0201897X0000000092096 24778829000008684   7000008684      2507202500000000253800100101849X000008684                0900000000000010000000000000000000000000000000000000000   0000000000000000000000519A9        170192477882     
0010001300008U 020000000000000000000000000000000000000000000000000000000000000000000000000000000000000000000000000000000000000000000000000707202500000000            000000000000000                              000                           
0010001300009T 0601897X0000000092096 24778822500000038   700000000000003811072025000000000345464341014030000000038                0900000000000010100000000000000000000000000000000000000   000000000000000000000000004        170192477882     
0010001300010U 060000000000000000000000000000000000000000000000000000000000000000000003454640000000003454640000000000000000000000000000000707202508072025            000000000000000                              000                           
0010001300011T 0601897X0000000092096 24778822500000046   700000000000004611072025000000000312089341014030000000046                0900000000000010100000000000000000000000000000000000000   000000000000000000000000004        170192477882     
0010001300012U 060000000000000000000000000000000000000000000000000000000000000000000003120890000000003120890000000000000000000000000000000707202508072025            000000000000000                              000                           
0010001300013T 0601897X0000000092096 24778822500000339   700000000000033904072025000000000036596274000010000000339                0900000000000010100000000000000000000000000000000000000   000000000000000000000000004        170192477882     
0010001300014U 060000000000007670000000000000000000000000000000000000000000000000000000373630000000000373630000000000000000000000000000000707202508072025            000000000000000                              000                           
0010001300015T 0601897X0000000092096 24778822500000467   700000000000046707072025000000000030320033001190000000467                0900000000000010100000000000000000000000000000000000000   000000000000000000000000004        170192477882     
0010001300016U 060000000000000000000000000000000000000000000000000000000000000000000000303200000000000303200000000000000000000000000000000707202508072025            000000000000000                              000                           
0010001300017T 0601897X0000000092096 24778822500000728   700000000000072811072025000000000022382237000460000000728                0900000000000010100000000000000000000000000000000000000   000000000000000000000000004        170192477882     
0010001300018U 060000000000000000000000000000000000000000000000000000000000000000000000223820000000000223820000000000000000000000000000000707202508072025            000000000000000                              000                           
0010001300019T 0601897X0000000092096 24778822500000747   700000000000074711072025000000000021972001009741000000747                0900000000000010060000000000000000000000000000000000000   000000000000000000000000033        170192477882     
0010001300020U 060000000000000000000000000000000000000000000000000000000000000000000000219720000000000219720000000000000000000000000000000707202508072025            000000000000000                              000                           
0010001300021T 0601897X0000000092096 24778822500000787   700000000000078730062025000000000020787341013700000000787                0900000000000010100000000000000000000000000000000000000   000000000000000000000000004        170192477882     
0010001300022U 060000000000004630000000000000000000000000000000000000000000000000000000212500000000000212500000000000000000000000000000000707202508072025            000000000000000                              000                           
0010001300023T 0601897X0000000092096 24778822500000903   700000000000090311072025000000000015518237000460000000903                0900000000000010100000000000000000000000000000000000000   000000000000000000000000004        170192477882     
0010001300024U 060000000000000000000000000000000000000000000000000000000000000000000000155180000000000155180000000000000000000000000000000707202508072025            000000000000000                              000                           
0010001300025T 0601897X0000000092096 24778822500000944   700000000000094407072025000000000013926001033626000000944                0900000000000010040000000000000000000000000000000000000   000000000000000000000000034        170192477882     
0010001300026U 060000000000000000000000000000000000000000000000000000000000000000000000139260000000000139260000000000000000000000000000000707202508072025            000000000000000                              000                           
0010001300027T 0601897X0000000092096 24778822500001372   700000000000137231072025000000000021957237002150000001372                0900000000000010100000000000000000000000000000000000000   000000000000000000000000004        170192477882     
0010001300028U 060000000000000000000000000000000000000000000000000000000000000000000000219570000000000219570000000000000000000000000000000707202508072025            000000000000000                              000                           
0010001300029T 0601897X0000000092096 24778822500001831   700000000000183104072025000000000022184341000260000001831                0900000000000010100000000000000000000000000000000000000   000000000000000000000000004        170192477882     
0010001300030U 060000000000004650000000000000000000000000000000000000000000000000000000226490000000000226490000000000000000000000000000000707202508072025            000000000000000                              000                           
0010001300031T 0601897X0000000092096 24778822500001918   700000000000191830062025000000000021271237028790000001918                0900000000000010100000000000000000000000000000000000000   000000000000000000000000004        170192477882     
0010001300032U 060000000000004740000000000000000000000000000000000000000000000000000000217450000000000217450000000000000000000000000000000707202508072025            000000000000000                              000                           
0010001300033T 0601897X0000000092096 24778822500003199   700000000000319907072025000000000020294341001940000003199                0900000000000010100000000000000000000000000000000000000   000000000000000000000000004        170192477882     
0010001300034U 060000000000000000000000000000000000000000000000000000000000000000000000202940000000000202940000000000000000000000000000000707202508072025            000000000000000                              000                           
0010001300035T 0601897X0000000092096 24778822500003322   700000000000332230062025000000005419535104002980000003322                0900000000000010100000000000000000000000000000000000000   000000000000000000000000004        170192477882     
0010001300036U 060000000001210330000000000000000000000000000000000000000000000000000055405680000000055405680000000000000000000000000000000707202508072025            000000000000000                              000                           
0010001300037T 0601897X0000000092096 24778822500004659   700000000000465930062025000000000095399341040050000004659                0900000000000010100000000000000000000000000000000000000   000000000000000000000000004        170192477882     
0010001300038U 060000000000021290000000000000000000000000000000000000000000000000000000975280000000000975280000000000000000000000000000000707202508072025            000000000000000                              000                           
0010001300039T 0601897X0000000092096 24778822500006781   700000000000678131072025000000000032176341081470000006781                0900000000000010100000000000000000000000000000000000000   000000000000000000000000004        170192477882     
0010001300040U 060000000000000000000000000000000000000000000000000000000000000000000000321760000000000321760000000000000000000000000000000707202508072025            000000000000000                              000                           
0010001300041T 0601897X0000000092096 24778822500006815   700000000000681507072025000000000031663237023740000006815                0900000000000010100000000000000000000000000000000000000   000000000000000000000000004        170192477882     
0010001300042U 060000000000000000000000000000000000000000000000000000000000000000000000316630000000000316630000000000000000000000000000000707202508072025            000000000000000                              000                           
0010001300043T 0601897X0000000092096 24778822500007487   700000000000748711072025000000000024450341009120000007487                0900000000000010100000000000000000000000000000000000000   000000000000000000000000004        170192477882     
0010001300044U 060000000000000000000000000000000000000000000000000000000000000000000000244500000000000244500000000000000000000000000000000707202508072025            000000000000000                              000                           
0010001300045T 0601897X0000000092096 24778822500007488   700000000000748831072025000000000024450341009120000007488                0900000000000010100000000000000000000000000000000000000   000000000000000000000000004        170192477882     
0010001300046U 060000000000000000000000000000000000000000000000000000000000000000000000244500000000000244500000000000000000000000000000000707202508072025            000000000000000                              000                           
0010001300047T 0601897X0000000092096 24778822500007489   700000000000748929082025000000000024450341009120000007489                0900000000000010100000000000000000000000000000000000000   000000000000000000000000004        170192477882     
0010001300048U 060000000000000000000000000000000000000000000000000000000000000000000000244500000000000244500000000000000000000000000000000707202508072025            000000000000000                              000                           
0010001300049T 0601897X0000000092096 24778822500007490   700000000000749030092025000000000024450341009120000007490                0900000000000010100000000000000000000000000000000000000   000000000000000000000000004        170192477882     
0010001300050U 060000000000000000000000000000000000000000000000000000000000000000000000244500000000000244500000000000000000000000000000000707202508072025            000000000000000                              000                           
0010001300051T 0601897X0000000092096 24778822500007491   700000000000749131102025000000000024450341009120000007491                0900000000000010100000000000000000000000000000000000000   000000000000000000000000004        170192477882     
0010001300052U 060000000000000000000000000000000000000000000000000000000000000000000000244500000000000244500000000000000000000000000000000707202508072025            000000000000000                              000                           
0010001300053T 0601897X0000000092096 24778822500007492   700000000000749228112025000000000024450341009120000007492                0900000000000010100000000000000000000000000000000000000   000000000000000000000000004        170192477882     
0010001300054U 060000000000000000000000000000000000000000000000000000000000000000000000244500000000000244500000000000000000000000000000000707202508072025            000000000000000                              000                           
0010001300055T 0601897X0000000092096 24778822500007493   700000000000749319122025000000000024450341009120000007493                0900000000000010100000000000000000000000000000000000000   000000000000000000000000004        170192477882     
0010001300056U 060000000000000000000000000000000000000000000000000000000000000000000000244500000000000244500000000000000000000000000000000707202508072025            000000000000000                              000                           
0010001300057T 0601897X0000000092096 24778822500007599   700000000000759930062025000000000023023033000400000007599                0900000000000010100000000000000000000000000000000000000   000000000000000000000000004        170192477882     
0010001300058U 060000000000005130000000000000000000000000000000000000000000000000000000235360000000000235360000000000000000000000000000000707202508072025            000000000000000                              000                           
0010001300059T 0601897X0000000092096 24778822500007732   700000000000773230062025000000000022003341001360000007732                0900000000000010100000000000000000000000000000000000000   000000000000000000000000004        170192477882     
0010001300060U 060000000000004910000000000000000000000000000000000000000000000000000000224940000000000224940000000000000000000000000000000707202508072025            000000000000000                              000                           
0010001300061T 0601897X0000000092096 24778822500007879   700000000000787930062025000000000020911237003140000007879                0900000000000010100000000000000000000000000000000000000   000000000000000000000000004        170192477882     
0010001300062U 060000000000004660000000000000000000000000000000000000000000000000000000213770000000000213770000000000000000000000000000000707202508072025            000000000000000                              000                           
0010001300063T 0601897X0000000092096 24778829000008658   7000008658      31072025000000000081653341079920000008658                0900000000000010100000000000000000000000000000000000000   000000000000000000000000004        170192477882     
0010001300064U 060000000000000000000000000000000000000000000000000000000000000000000000816530000000000816530000000000000000000000000000000707202508072025            000000000000000                              000                           
0010001300065T 0601897X0000000092096 24778829000008667   7000008667      07072025000000000022683237001560000008667                0900000000000010100000000000000000000000000000000000000   000000000000000000000000004        170192477882     
0010001300066U 060000000000000000000000000000000000000000000000000000000000000000000000226830000000000226830000000000000000000000000000000707202508072025            000000000000000                              000                           
0010001300067T 0601897X0000000092096 24778829000008676   7000008676      31072025000000000025931274000010000008676                0900000000000010100000000000000000000000000000000000000   000000000000000000000000004        170192477882     
0010001300068U 060000000000000000000000000000000000000000000000000000000000000000000000259310000000000259310000000000000000000000000000000707202508072025            000000000000000                              000                           
0010001300069T 0901897X0000000092096 24778822500000005   70000000000000053006202500000000246809400101849X000000005                0900000000000000000000000000000000000000000000000000000   000000000000000000000039010        170192477882     
0010001300070U 090000000000000000000000000000000000000000000000000000000000000000000000000000000000000000000000000000000000000000000000000707202500000000            000000000000000                              000                           
0010001300071T 0901897X0000000092096 24778822500000010   70000000000000103006202500000000108637400101849X000000010                0900000000000000000000000000000000000000000000000000000   000000000000000000000039010        170192477882     
0010001300072U 090000000000000000000000000000000000000000000000000000000000000000000000000000000000000000000000000000000000000000000000000707202500000000            000000000000000                              000                           
0010001300073T 0901897X0000000092096 24778822500001810   700000000000181004072025000000000022628001009946000001810                0900000000000000000000000000000000000000000000000000000   000000000000000000000039010        170192477882     
0010001300074U 090000000000000000000000000000000000000000000000000000000000000000000000000000000000000000000000000000000000000000000000000707202500000000            000000000000000                              000                           
0010001300075T 0901897X0000000092096 24778822500001811   700000000000181131072025000000000022627001009946000001811                0900000000000000000000000000000000000000000000000000000   000000000000000000000039010        170192477882     
0010001300076U 090000000000000000000000000000000000000000000000000000000000000000000000000000000000000000000000000000000000000000000000000707202500000000            000000000000000                              000                           
0010001300077T 0901897X0000000092096 24778822500001812   700000000000181229082025000000000022627001009946000001812                0900000000000000000000000000000000000000000000000000000   000000000000000000000039010        170192477882     
0010001300078U 090000000000000000000000000000000000000000000000000000000000000000000000000000000000000000000000000000000000000000000000000707202500000000            000000000000000                              000                           
0010001300079T 1401897X0000000092096 24778822500000002   700000000000000208072025000000017683699001009946000000002                0900000000000000000000000000000000000000000000000000000   000000000000000000000000000        170192477882     
0010001300080U 140000000000000000000000000000000000000000000000000000000000000000000000000000000000000000000000000000000000000000000000000707202500000000            000000000000000                              000                           
0010001300081T 1401897X0000000092096 24778822500000014   700000000000001411072025000000000823149001004596000000014                0900000000000000000000000000000000000000000000000000000   000000000000000000000000000        170192477882     
0010001300082U 140000000000000000000000000000000000000000000000000000000000000000000000000000000000000000000000000000000000000000000000000707202500000000            000000000000000                              000                           
0010001300083T 1401897X0000000092096 24778822500000240   700000000000024011072025000000000050051001005789000000240                0900000000000000000000000000000000000000000000000000000   000000000000000000000000000        170192477882     
0010001300084U 140000000000000000000000000000000000000000000000000000000000000000000000000000000000000000000000000000000000000000000000000707202500000000            000000000000000                              000                           
0010001300085T 1401897X0000000092096 24778822500000594   700000000000059411072025000000000026349001026565000000594                0900000000000000000000000000000000000000000000000000000   000000000000000000000000000        170192477882     
0010001300086U 140000000000000000000000000000000000000000000000000000000000000000000000000000000000000000000000000000000000000000000000000707202500000000            000000000000000                              000                           
0010001300087T 1401897X0000000092096 24778822500001039   700000000000103911072025000000000029277001003018000001039                0900000000000000000000000000000000000000000000000000000   000000000000000000000000000        170192477882     
0010001300088U 140000000000000000000000000000000000000000000000000000000000000000000000000000000000000000000000000000000000000000000000000707202500000000            000000000000000                              000                           
0010001300089T 1401897X0000000092096 24778822500001521   700000000000152111072025000000000020127001004561000001521                0900000000000000000000000000000000000000000000000000000   000000000000000000000000000        170192477882     
0010001300090U 140000000000000000000000000000000000000000000000000000000000000000000000000000000000000000000000000000000000000000000000000707202500000000            000000000000000                              000                           
0010001300091T 1401897X0000000092096 24778822500004071   700000000000407111072025000000000193263001003549000004071                0900000000000000000000000000000000000000000000000000000   000000000000000000000000000        170192477882     
0010001300092U 140000000000000000000000000000000000000000000000000000000000000000000000000000000000000000000000000000000000000000000000000707202500000000            000000000000000                              000                           
00100015         000094006619000000018339899110000000000000000000000000000000000000000000000000000000000000000000000000000000000000000000000000000                                                                                              
00199999         000001000096000000                                                                                                                                                            00000000000000000000000000000                    
