00100000         2115139610001160024778820014       01897X0000000092096 FUNDACAO AGENCIA DAS BACIAS HIBANCO DO BRASIL                         20705202502025000604503000000829973081PROCESSAMEN                                                 
00100011T0100020 20115139610001160024778820014       01897X0000000092096 FUNDACAO AGENCIA DAS BACIAS HI                                                                                000000000705202500000000  000000000                      
0010001300001T 0201897X0000000092096 24778829000008572   7000008572      30052025000000000695073001001678000008572                0900000000000010000000000000000000000000000000000000000   0000000000000000000000519A9        170192477882     
0010001300002U 020000000000000000000000000000000000000000000000000000000000000000000000000000000000000000000000000000000000000000000000000705202500000000            000000000000000                              000                           
0010001300003T 0901897X0000000092096 24778829000008520   7000008520      30042025000000000688176001001678000008520                0900000000000000000000000000000000000000000000000000000   000000000000000000000039010        170192477882     
0010001300004U 090000000000000000000000000000000000000000000000000000000000000000000000000000000000000000000000000000000000000000000000000705202500000000            000000000000000                              000                           
00100015         000006000052000000000288714960000000000000000000000000000000000000000000000000000000000000000000000000000000000000000000000000000                                                                                              
00199999         000001000008000000                                                                                                                                                            00000000000000000000000000000                    
