00100000         2115139610001160024778820014       01897X0000000092096 FUNDACAO AGENCIA DAS BACIAS HIBANCO DO BRASIL                         22807202502122600615503000000829973081PROCESSAMEN                                                 
00100011T0100020 20115139610001160024778820014       01897X0000000092096 FUNDACAO AGENCIA DAS BACIAS HI                                                                                000000002807202500000000  000000000                      
0010001300001T 0201897X0000000092096 24778829000008717   7000008717      29082025000000000580215001009946000008717                0900000000000010500000000000000000000000000000000000000   0000000000000000000000519A9A4      170192477882     
0010001300002U 020000000000000000000000000000000000000000000000000000000000000000000000000000000000000000000000000000000000000000000000002807202500000000            000000000000000                              000                           
0010001300003T 0201897X0000000092096 24778829000008718   7000008718      29082025000000000053075001003018000008718                0900000000000010000000000000000000000000000000000000000   0000000000000000000000519A9        170192477882     
0010001300004U 020000000000000000000000000000000000000000000000000000000000000000000000000000000000000000000000000000000000000000000000002807202500000000            000000000000000                              000                           
0010001300005T 0201897X0000000092096 24778829000008719   7000008719      30092025000000000053074001003018000008719                0900000000000010000000000000000000000000000000000000000   0000000000000000000000519A9        170192477882     
0010001300006U 020000000000000000000000000000000000000000000000000000000000000000000000000000000000000000000000000000000000000000000000002807202500000000            000000000000000                              000                           
0010001300007T 0201897X0000000092096 24778829000008720   7000008720      31102025000000000053074001003018000008720                0900000000000010000000000000000000000000000000000000000   0000000000000000000000519A9        170192477882     
0010001300008U 020000000000000000000000000000000000000000000000000000000000000000000000000000000000000000000000000000000000000000000000002807202500000000            000000000000000                              000                           
0010001300009T 0201897X0000000092096 24778829000008721   7000008721      28112025000000000053074001003018000008721                0900000000000010000000000000000000000000000000000000000   0000000000000000000000519A9        170192477882     
0010001300010U 020000000000000000000000000000000000000000000000000000000000000000000000000000000000000000000000000000000000000000000000002807202500000000            000000000000000                              000                           
0010001300011T 0201897X0000000092096 24778829000008722   7000008722      19122025000000000053074001003018000008722                0900000000000010000000000000000000000000000000000000000   0000000000000000000000519A9        170192477882     
0010001300012U 020000000000000000000000000000000000000000000000000000000000000000000000000000000000000000000000000000000000000000000000002807202500000000            000000000000000                              000                           
0010001300013T 0201897X0000000092096 24778829000008723   7000008723      31072025000000000035151001003018000008723                0900000000000010500000000000000000000000000000000000000   0000000000000000000000519A9A4      170192477882     
0010001300014U 020000000000000000000000000000000000000000000000000000000000000000000000000000000000000000000000000000000000000000000000002807202500000000            000000000000000                              000                           
0010001300015T 0201897X0000000092096 24778829000008724   7000008724      29082025000000000035151001003018000008724                0900000000000010500000000000000000000000000000000000000   0000000000000000000000519A9A4      170192477882     
0010001300016U 020000000000000000000000000000000000000000000000000000000000000000000000000000000000000000000000000000000000000000000000002807202500000000            000000000000000                              000                           
0010001300017T 0201897X0000000092096 24778829000008725   7000008725      30092025000000000035151001003018000008725                0900000000000010500000000000000000000000000000000000000   0000000000000000000000519A9A4      170192477882     
0010001300018U 020000000000000000000000000000000000000000000000000000000000000000000000000000000000000000000000000000000000000000000000002807202500000000            000000000000000                              000                           
0010001300019T 0201897X0000000092096 24778829000008726   7000008726      31102025000000000035151001003018000008726                0900000000000010500000000000000000000000000000000000000   0000000000000000000000519A9A4      170192477882     
0010001300020U 020000000000000000000000000000000000000000000000000000000000000000000000000000000000000000000000000000000000000000000000002807202500000000            000000000000000                              000                           
0010001300021T 0201897X0000000092096 24778829000008727   7000008727      28112025000000000035151001003018000008727                0900000000000010500000000000000000000000000000000000000   0000000000000000000000519A9A4      170192477882     
0010001300022U 020000000000000000000000000000000000000000000000000000000000000000000000000000000000000000000000000000000000000000000000002807202500000000            000000000000000                              000                           
0010001300023T 0201897X0000000092096 24778829000008728   7000008728      31122025000000000035151001003018000008728                0900000000000010500000000000000000000000000000000000000   0000000000000000000000519A9A4      170192477882     
0010001300024U 020000000000000000000000000000000000000000000000000000000000000000000000000000000000000000000000000000000000000000000000002807202500000000            000000000000000                              000                           
0010001300025T 0601897X0000000092096 24778822500000500   700000000000050031072025000000000029277237002150000000500                0900000000000010100000000000000000000000000000000000000   000000000000000000000000004        170192477882     
0010001300026U 060000000000000000000000000000000000000000000000000000000000000000000000292770000000000292770000000000000000000000000000002807202529072025            000000000000000                              000                           
0010001300027T 0601897X0000000092096 24778822500001030   700000000000103031072025000000000029643033032460000001030                0900000000000010100000000000000000000000000000000000000   000000000000000000000000004        170192477882     
0010001300028U 060000000000000000000000000000000000000000000000000000000000000000000000296430000000000296430000000000000000000000000000002807202529072025            000000000000000                              000                           
0010001300029T 0601897X0000000092096 24778822500001040   700000000000104031072025000000000029277341059550000001040                0900000000000010100000000000000000000000000000000000000   000000000000000000000000004        170192477882     
0010001300030U 060000000000000000000000000000000000000000000000000000000000000000000000292770000000000292770000000000000000000000000000002807202529072025            000000000000000                              000                           
0010001300031T 0601897X0000000092096 24778822500001260   700000000000126031072025000000000024637509000010000001260                0900000000000010100000000000000000000000000000000000000   000000000000000000000000004        170192477882     
0010001300032U 060000000000000000000000000000000000000000000000000000000000000000000000246370000000000246370000000000000000000000000000002807202529072025            000000000000000                              000                           
0010001300033T 0601897X0000000092096 24778822500001290   700000000000129031072025000000000023787509000010000001290                0900000000000010100000000000000000000000000000000000000   000000000000000000000000004        170192477882     
0010001300034U 060000000000000000000000000000000000000000000000000000000000000000000000237870000000000237870000000000000000000000000000002807202529072025            000000000000000                              000                           
0010001300035T 0601897X0000000092096 24778822500001306   700000000000130631072025000000000023422033002070000001306                0900000000000010100000000000000000000000000000000000000   000000000000000000000000004        170192477882     
0010001300036U 060000000000000000000000000000000000000000000000000000000000000000000000234220000000000234220000000000000000000000000000002807202529072025            000000000000000                              000                           
0010001300037T 0601897X0000000092096 24778822500001330   700000000000133031072025000000000022829748051850000001330                0900000000000010100000000000000000000000000000000000000   000000000000000000000000004        170192477882     
0010001300038U 060000000000000000000000000000000000000000000000000000000000000000000000228290000000000228290000000000000000000000000000002807202529072025            000000000000000                              000                           
0010001300039T 0601897X0000000092096 24778822500001350   700000000000135031072025000000000022223341081690000001350                0900000000000010100000000000000000000000000000000000000   000000000000000000000000004        170192477882     
0010001300040U 060000000000000000000000000000000000000000000000000000000000000000000000222230000000000222230000000000000000000000000000002807202529072025            000000000000000                              000                           
0010001300041T 0601897X0000000092096 24778822500001394   700000000000139431072025000000000021957341005460000001394                0900000000000010100000000000000000000000000000000000000   000000000000000000000000004        170192477882     
0010001300042U 060000000000000000000000000000000000000000000000000000000000000000000000219570000000000219570000000000000000000000000000002807202529072025            000000000000000                              000                           
0010001300043T 0601897X0000000092096 24778822500001712   700000000000171231072025000000000023854033036800000001712                0900000000000010100000000000000000000000000000000000000   000000000000000000000000004        170192477882     
0010001300044U 060000000000000000000000000000000000000000000000000000000000000000000000238540000000000238540000000000000000000000000000002807202529072025            000000000000000                              000                           
0010001300045T 0601897X0000000092096 24778822500001730   700000000000173031072025000000000023473509000010000001730                0900000000000010100000000000000000000000000000000000000   000000000000000000000000004        170192477882     
0010001300046U 060000000000000000000000000000000000000000000000000000000000000000000000234730000000000234730000000000000000000000000000002807202529072025            000000000000000                              000                           
0010001300047T 0601897X0000000092096 24778822500001754   700000000000175431072025000000000023368748053590000001754                0900000000000010100000000000000000000000000000000000000   000000000000000000000000004        170192477882     
0010001300048U 060000000000000000000000000000000000000000000000000000000000000000000000233680000000000233680000000000000000000000000000002807202529072025            000000000000000                              000                           
0010001300049T 0601897X0000000092096 24778822500001781   700000000000178131072025000000000023037033033770000001781                0900000000000010100000000000000000000000000000000000000   000000000000000000000000004        170192477882     
0010001300050U 060000000000000000000000000000000000000000000000000000000000000000000000230370000000000230370000000000000000000000000000002807202529072025            000000000000000                              000                           
0010001300051T 0601897X0000000092096 24778822500001970   700000000000197031072025000000000020243001051268000001970                0900000000000010080000000000000000000000000000000000000   000000000000000000000000003        170192477882     
0010001300052U 060000000000000000000000000000000000000000000000000000000000000000000000202430000000000202430000000000000000000000000000002807202529072025            000000000000000                              000                           
0010001300053T 0601897X0000000092096 24778822500002079   700000000000207931072025000000000023407237002150000002079                0900000000000010100000000000000000000000000000000000000   000000000000000000000000004        170192477882     
0010001300054U 060000000000000000000000000000000000000000000000000000000000000000000000234070000000000234070000000000000000000000000000002807202529072025            000000000000000                              000                           
0010001300055T 0601897X0000000092096 24778822500002175   700000000000217531072025000000000021958341068800000002175                0900000000000010100000000000000000000000000000000000000   000000000000000000000000004        170192477882     
0010001300056U 060000000000000000000000000000000000000000000000000000000000000000000000219580000000000219580000000000000000000000000000002807202529072025            000000000000000                              000                           
0010001300057T 0601897X0000000092096 24778822500002187   700000000000218731072025000000000021958509000010000002187                0900000000000010100000000000000000000000000000000000000   000000000000000000000000004        170192477882     
0010001300058U 060000000000000000000000000000000000000000000000000000000000000000000000219580000000000219580000000000000000000000000000002807202529072025            000000000000000                              000                           
0010001300059T 0601897X0000000092096 24778822500002327   700000000000232731072025000000000021176748053430000002327                0900000000000010100000000000000000000000000000000000000   000000000000000000000000004        170192477882     
0010001300060U 060000000000000000000000000000000000000000000000000000000000000000000000211760000000000211760000000000000000000000000000002807202529072025            000000000000000                              000                           
0010001300061T 0601897X0000000092096 24778822500002355   700000000000235531072025000000000021021237033890000002355                0900000000000010100000000000000000000000000000000000000   000000000000000000000000004        170192477882     
0010001300062U 060000000000000000000000000000000000000000000000000000000000000000000000210210000000000210210000000000000000000000000000002807202529072025            000000000000000                              000                           
0010001300063T 0601897X0000000092096 24778822500002391   700000000000239131072025000000000020494341006580000002391                0900000000000010100000000000000000000000000000000000000   000000000000000000000000004        170192477882     
0010001300064U 060000000000000000000000000000000000000000000000000000000000000000000000204940000000000204940000000000000000000000000000002807202529072025            000000000000000                              000                           
0010001300065T 0601897X0000000092096 24778822500002684   700000000000268431072025000000000021079509000010000002684                0900000000000010100000000000000000000000000000000000000   000000000000000000000000004        170192477882     
0010001300066U 060000000000000000000000000000000000000000000000000000000000000000000000210790000000000210790000000000000000000000000000002807202529072025            000000000000000                              000                           
0010001300067T 0601897X0000000092096 24778822500002744   700000000000274431072025000000000020494509000010000002744                0900000000000010100000000000000000000000000000000000000   000000000000000000000000004        170192477882     
0010001300068U 060000000000000000000000000000000000000000000000000000000000000000000000204940000000000204940000000000000000000000000000002807202529072025            000000000000000                              000                           
0010001300069T 0601897X0000000092096 24778822500003729   700000000000372931072025000000000371250655000010000003729                0900000000000010100000000000000000000000000000000000000   000000000000000000000000004        170192477882     
0010001300070U 060000000000000000000000000000000000000000000000000000000000000000000003712500000000003712500000000000000000000000000000002807202529072025            000000000000000                              000                           
0010001300071T 0601897X0000000092096 24778822500004141   700000000000414111072025000000000176654341007960000004141                0900000000000010100000000000000000000000000000000000000   000000000000000000000000004        170192477882     
0010001300072U 060000000000045330000000000000000000000000000000000000000000000000000001811870000000001811870000000000000000000000000000002807202529072025            000000000000000                              000                           
0010001300073T 0601897X0000000092096 24778822500004275   700000000000427531072025000000000142201341001690000004275                0900000000000010100000000000000000000000000000000000000   000000000000000000000000004        170192477882     
0010001300074U 060000000000000000000000000000000000000000000000000000000000000000000001422010000000001422010000000000000000000000000000002807202529072025            000000000000000                              000                           
0010001300075T 0601897X0000000092096 24778822500004289   700000000000428931072025000000000139348509000010000004289                0900000000000010100000000000000000000000000000000000000   000000000000000000000000004        170192477882     
0010001300076U 060000000000000000000000000000000000000000000000000000000000000000000001393480000000001393480000000000000000000000000000002807202529072025            000000000000000                              000                           
0010001300077T 0601897X0000000092096 24778822500004499   700000000000449931072025000000000110415237014040000004499                0900000000000010100000000000000000000000000000000000000   000000000000000000000000004        170192477882     
0010001300078U 060000000000000000000000000000000000000000000000000000000000000000000001104150000000001104150000000000000000000000000000002807202529072025            000000000000000                              000                           
0010001300079T 0601897X0000000092096 24778822500004555   700000000000455531072025000000000104559341001690000004555                0900000000000010100000000000000000000000000000000000000   000000000000000000000000004        170192477882     
0010001300080U 060000000000000000000000000000000000000000000000000000000000000000000001045590000000001045590000000000000000000000000000002807202529072025            000000000000000                              000                           
0010001300081T 0601897X0000000092096 24778822500004569   700000000000456931072025000000000104468001031410000004569                0900000000000010010000000000000000000000000000000000000   000000000000000000000000032        170192477882     
0010001300082U 060000000000000000000000000000000000000000000000000000000000000000000001044680000000001044680000000000000000000000000000002807202529072025            000000000000000                              000                           
0010001300083T 0601897X0000000092096 24778822500004653   700000000000465331072025000000000095671748053590000004653                0900000000000010100000000000000000000000000000000000000   000000000000000000000000004        170192477882     
0010001300084U 060000000000000000000000000000000000000000000000000000000000000000000000956710000000000956710000000000000000000000000000002807202529072025            000000000000000                              000                           
0010001300085T 0601897X0000000092096 24778822500004884   700000000000488431072025000000000081502001026565000004884                0900000000000010040000000000000000000000000000000000000   000000000000000000000000034        170192477882     
0010001300086U 060000000000000000000000000000000000000000000000000000000000000000000000815020000000000815020000000000000000000000000000002807202529072025            000000000000000                              000                           
0010001300087T 0601897X0000000092096 24778822500005108   70000000000051083107202500000000006826900104203X000005108                0900000000000010040000000000000000000000000000000000000   000000000000000000000000034        170192477882     
0010001300088U 060000000000000000000000000000000000000000000000000000000000000000000000682690000000000682690000000000000000000000000000002807202529072025            000000000000000                              000                           
0010001300089T 0601897X0000000092096 24778822500005150   700000000000515031072025000000000066918509000010000005150                0900000000000010100000000000000000000000000000000000000   000000000000000000000000004        170192477882     
0010001300090U 060000000000000000000000000000000000000000000000000000000000000000000000669180000000000669180000000000000000000000000000002807202529072025            000000000000000                              000                           
0010001300091T 0601897X0000000092096 24778822500005213   700000000000521331072025000000000064084237070940000005213                0900000000000010100000000000000000000000000000000000000   000000000000000000000000004        170192477882     
0010001300092U 060000000000000000000000000000000000000000000000000000000000000000000000640840000000000640840000000000000000000000000000002807202529072025            000000000000000                              000                           
0010001300093T 0601897X0000000092096 24778822500005478   700000000000547828072025000000000056886341029640000005478                0900000000000010100000000000000000000000000000000000000   000000000000000000000000004        170192477882     
0010001300094U 060000000000000000000000000000000000000000000000000000000000000000000000568860000000000568860000000000000000000000000000002807202529072025            000000000000000                              000                           
0010001300095T 0601897X0000000092096 24778822500005920   700000000000592031072025000000000043179341032180000005920                0900000000000010100000000000000000000000000000000000000   000000000000000000000000004        170192477882     
0010001300096U 060000000000000000000000000000000000000000000000000000000000000000000000431790000000000431790000000000000000000000000000002807202529072025            000000000000000                              000                           
0010001300097T 0601897X0000000092096 24778822500005941   700000000000594131072025000000000042869033038850000005941                0900000000000010100000000000000000000000000000000000000   000000000000000000000000004        170192477882     
0010001300098U 060000000000000000000000000000000000000000000000000000000000000000000000428690000000000428690000000000000000000000000000002807202529072025            000000000000000                              000                           
0010001300099T 0601897X0000000092096 24778822500006095   700000000000609531072025000000000041404237003220000006095                0900000000000010100000000000000000000000000000000000000   000000000000000000000000004        170192477882     
0010001300100U 060000000000000000000000000000000000000000000000000000000000000000000000414040000000000414040000000000000000000000000000002807202529072025            000000000000000                              000                           
0010001300101T 0601897X0000000092096 24778822500006144   700000000000614431072025000000000040735756011310000006144                0900000000000010100000000000000000000000000000000000000   000000000000000000000000004        170192477882     
0010001300102U 060000000000000000000000000000000000000000000000000000000000000000000000407350000000000407350000000000000000000000000000002807202529072025            000000000000000                              000                           
0010001300103T 0601897X0000000092096 24778822500006172   700000000000617231072025000000000040151756085660000006172                0900000000000010100000000000000000000000000000000000000   000000000000000000000000004        170192477882     
0010001300104U 060000000000000000000000000000000000000000000000000000000000000000000000401510000000000401510000000000000000000000000000002807202529072025            000000000000000                              000                           
0010001300105T 0601897X0000000092096 24778822500006354   700000000000635431072025000000000036621104003320000006354                0900000000000010100000000000000000000000000000000000000   000000000000000000000000004        170192477882     
0010001300106U 060000000000000000000000000000000000000000000000000000000000000000000000366210000000000366210000000000000000000000000000002807202529072025            000000000000000                              000                           
0010001300107T 0601897X0000000092096 24778822500006543   700000000000654331072025000000000033877033039120000006543                0900000000000010100000000000000000000000000000000000000   000000000000000000000000004        170192477882     
0010001300108U 060000000000000000000000000000000000000000000000000000000000000000000000338770000000000338770000000000000000000000000000002807202529072025            000000000000000                              000                           
0010001300109T 0601897X0000000092096 24778822500006641   700000000000664131072025000000000033459341083970000006641                0900000000000010100000000000000000000000000000000000000   000000000000000000000000004        170192477882     
0010001300110U 060000000000000000000000000000000000000000000000000000000000000000000000334590000000000334590000000000000000000000000000002807202529072025            000000000000000                              000                           
0010001300111T 0601897X0000000092096 24778822500006690   700000000000669031072025000000000032982237029350000006690                0900000000000010100000000000000000000000000000000000000   000000000000000000000000004        170192477882     
0010001300112U 060000000000000000000000000000000000000000000000000000000000000000000000329820000000000329820000000000000000000000000000002807202529072025            000000000000000                              000                           
0010001300113T 0601897X0000000092096 24778822500006928   700000000000692831072025000000000030594341000280000006928                0900000000000010100000000000000000000000000000000000000   000000000000000000000000004        170192477882     
0010001300114U 060000000000000000000000000000000000000000000000000000000000000000000000305940000000000305940000000000000000000000000000002807202529072025            000000000000000                              000                           
0010001300115T 0601897X0000000092096 24778822500006998   700000000000699831072025000000000029862509000010000006998                0900000000000010100000000000000000000000000000000000000   000000000000000000000000004        170192477882     
0010001300116U 060000000000000000000000000000000000000000000000000000000000000000000000298620000000000298620000000000000000000000000000002807202529072025            000000000000000                              000                           
0010001300117T 0601897X0000000092096 24778822500007068   700000000000706831072025000000000029277509000010000007068                0900000000000010100000000000000000000000000000000000000   000000000000000000000000004        170192477882     
0010001300118U 060000000000000000000000000000000000000000000000000000000000000000000000292770000000000292770000000000000000000000000000002807202529072025            000000000000000                              000                           
0010001300119T 0601897X0000000092096 24778822500007418   700000000000741831072025000000000025057033000900000007418                0900000000000010100000000000000000000000000000000000000   000000000000000000000000004        170192477882     
0010001300120U 060000000000000000000000000000000000000000000000000000000000000000000000250570000000000250570000000000000000000000000000002807202529072025            000000000000000                              000                           
0010001300121T 0601897X0000000092096 24778822500007719   700000000000771931072025000000000022083341026460000007719                0900000000000010100000000000000000000000000000000000000   000000000000000000000000004        170192477882     
0010001300122U 060000000000000000000000000000000000000000000000000000000000000000000000220830000000000220830000000000000000000000000000002807202529072025            000000000000000                              000                           
0010001300123T 0601897X0000000092096 24778822500007768   700000000000776831072025000000000021456341006580000007768                0900000000000010100000000000000000000000000000000000000   000000000000000000000000004        170192477882     
0010001300124U 060000000000000000000000000000000000000000000000000000000000000000000000214560000000000214560000000000000000000000000000002807202529072025            000000000000000                              000                           
0010001300125T 0601897X0000000092096 24778822500007950   700000000000795031072025000000000020652033000590000007950                0900000000000010100000000000000000000000000000000000000   000000000000000000000000004        170192477882     
0010001300126U 060000000000000000000000000000000000000000000000000000000000000000000000206520000000000206520000000000000000000000000000002807202529072025            000000000000000                              000                           
0010001300127T 0601897X0000000092096 24778822500007978   700000000000797831072025000000000020550756072790000007978                0900000000000010100000000000000000000000000000000000000   000000000000000000000000004        170192477882     
0010001300128U 060000000000000000000000000000000000000000000000000000000000000000000000205500000000000205500000000000000000000000000000002807202529072025            000000000000000                              000                           
0010001300129T 0601897X0000000092096 24778829000008682   7000008682      31072025000000000065646341059550000008682                0900000000000010100000000000000000000000000000000000000   000000000000000000000000004        170192477882     
0010001300130U 060000000000000000000000000000000000000000000000000000000000000000000000656460000000000656460000000000000000000000000000002807202529072025            000000000000000                              000                           
0010001300131T 0901897X0000000092096 24778822500006248   700000000000624830062025000000000037911001003220000006248                0900000000000000000000000000000000000000000000000000000   000000000000000000000039010        170192477882     
0010001300132U 090000000000000000000000000000000000000000000000000000000000000000000000000000000000000000000000000000000000000000000000002807202500000000            000000000000000                              000                           
0010001300133T 0901897X0000000092096 24778822500006249   700000000000624931072025000000000037910001003220000006249                0900000000000000000000000000000000000000000000000000000   000000000000000000000039010        170192477882     
0010001300134U 090000000000000000000000000000000000000000000000000000000000000000000000000000000000000000000000000000000000000000000000002807202500000000            000000000000000                              000                           
0010001300135T 0901897X0000000092096 24778822500006250   700000000000625029082025000000000037910001003220000006250                0900000000000000000000000000000000000000000000000000000   000000000000000000000039010        170192477882     
0010001300136U 090000000000000000000000000000000000000000000000000000000000000000000000000000000000000000000000000000000000000000000000002807202500000000            000000000000000                              000                           
0010001300137T 0901897X0000000092096 24778822500006251   700000000000625130092025000000000037910001003220000006251                0900000000000000000000000000000000000000000000000000000   000000000000000000000039010        170192477882     
0010001300138U 090000000000000000000000000000000000000000000000000000000000000000000000000000000000000000000000000000000000000000000000002807202500000000            000000000000000                              000                           
0010001300139T 0901897X0000000092096 24778822500006252   700000000000625231102025000000000037910001003220000006252                0900000000000000000000000000000000000000000000000000000   000000000000000000000039010        170192477882     
0010001300140U 090000000000000000000000000000000000000000000000000000000000000000000000000000000000000000000000000000000000000000000000002807202500000000            000000000000000                              000                           
0010001300141T 0901897X0000000092096 24778822500006253   700000000000625328112025000000000037910001003220000006253                0900000000000000000000000000000000000000000000000000000   000000000000000000000039010        170192477882     
0010001300142U 090000000000000000000000000000000000000000000000000000000000000000000000000000000000000000000000000000000000000000000000002807202500000000            000000000000000                              000                           
0010001300143T 0901897X0000000092096 24778822500006254   700000000000625419122025000000000037910001003220000006254                0900000000000000000000000000000000000000000000000000000   000000000000000000000039010        170192477882     
0010001300144U 090000000000000000000000000000000000000000000000000000000000000000000000000000000000000000000000000000000000000000000000002807202500000000            000000000000000                              000                           
0010001300145T 1401897X0000000092096 24778822500000325   700000000000032531072025000000000036740001004154000000325                0900000000000000000000000000000000000000000000000000000   000000000000000000000000000        170192477882     
0010001300146U 140000000000000000000000000000000000000000000000000000000000000000000000000000000000000000000000000000000000000000000000002807202500000000            000000000000000                              000                           
0010001300147T 1401897X0000000092096 24778822500000500   700000000000050031072025000000000029277001003190000000500                0900000000000000000000000000000000000000000000000000000   000000000000000000000000000        170192477882     
0010001300148U 140000000000000000000000000000000000000000000000000000000000000000000000000000000000000000000000000000000000000000000000002807202500000000            000000000000000                              000                           
0010001300149T 1401897X0000000092096 24778822500000854   700000000000085431072025000000000017630001009946000000854                0900000000000000000000000000000000000000000000000000000   000000000000000000000000000        170192477882     
0010001300150U 140000000000000000000000000000000000000000000000000000000000000000000000000000000000000000000000000000000000000000000000002807202500000000            000000000000000                              000                           
0010001300151T 1401897X0000000092096 24778822500001969   700000000000196931072025000000000020243001024279000001969                0900000000000000000000000000000000000000000000000000000   000000000000000000000000000        170192477882     
0010001300152U 140000000000000000000000000000000000000000000000000000000000000000000000000000000000000000000000000000000000000000000000002807202500000000            000000000000000                              000                           
00100015         000154006276000000016989405440000000000000000000000000000000000000000000000000000000000000000000000000000000000000000000000000000                                                                                              
00199999         000001000156000000                                                                                                                                                            00000000000000000000000000000                    
