00100000         2115139610001160024778820014       01897X0000000092096 FUNDACAO AGENCIA DAS BACIAS HIBANCO DO BRASIL                         20204202502104300600503000000829973081PROCESSAMEN                                                 
00100011T0100020 20115139610001160024778820014       01897X0000000092096 FUNDACAO AGENCIA DAS BACIAS HI                                                                                000000000204202500000000  000000000                      
0010001300001T 0601897X0000000092096 24778829000008501   7000008501      31032025000000000517881341074680000008501                0900000000000010100000000000000000000000000000000000000   000000000000000000000000004        170192477882     
0010001300002U 060000000000107010000000000000000000000000000000000000000000000000000005285820000000005285820000000000000000000000000000000204202503042025            000000000000000                              000                           
0010001300003T 1401897X0000000092096 24778829000008532   7000008532      19122025000000000090088001003409000008532                0900000000000000000000000000000000000000000000000000000   000000000000000000000000000        170192477882     
0010001300004U 140000000000000000000000000000000000000000000000000000000000000000000000000000000000000000000000000000000000000000000000000204202500000000            000000000000000                              000                           
00100015         000006000047000000000411307410000000000000000000000000000000000000000000000000000000000000000000000000000000000000000000000000000                                                                                              
00199999         000001000008000000                                                                                                                                                            00000000000000000000000000000                    
