00100000         2115139610001160024778820014       01897X0000000092096 FUNDACAO AGENCIA DAS BACIAS HIBANCO DO BRASIL                         21407202502080600613503000000829973081PROCESSAMEN                                                 
00100011T0100020 20115139610001160024778820014       01897X0000000092096 FUNDACAO AGENCIA DAS BACIAS HI                                                                                000000001407202500000000  000000000                      
0010001300001T 0201897X0000000092096 24778829000008695   7000008695      31072025000000000067357001069833000008695                0900000000000010500000000000000000000000000000000000000   0000000000000000000000519A9A4      170192477882     
0010001300002U 020000000000000000000000000000000000000000000000000000000000000000000000000000000000000000000000000000000000000000000000001407202500000000            000000000000000                              000                           
0010001300003T 0601897X0000000092096 24778822500000551   700000000000055114072025000000000028073033005350000000551                0900000000000010100000000000000000000000000000000000000   000000000000000000000000004        170192477882     
0010001300004U 060000000000000000000000000000000000000000000000000000000000000000000000280730000000000280730000000000000000000000000000001407202515072025            000000000000000                              000                           
0010001300005T 0601897X0000000092096 24778822500000660   700000000000066011072025000000000024494341064720000000660                0900000000000010100000000000000000000000000000000000000   000000000000000000000000004        170192477882     
0010001300006U 060000000000005130000000000000000000000000000000000000000000000000000000250070000000000250070000000000000000000000000000001407202515072025            000000000000000                              000                           
0010001300007T 0601897X0000000092096 24778822500001079   700000000000107930062025000000000029276341029040000001079                0900000000000010100000000000000000000000000000000000000   000000000000000000000000004        170192477882     
0010001300008U 060000000000007210000000000000000000000000000000000000000000000000000000299970000000000299970000000000000000000000000000001407202515072025            000000000000000                              000                           
0010001300009T 0601897X0000000092096 24778822500001648   700000000000164830062025000000000024397341018740000001648                0900000000000010100000000000000000000000000000000000000   000000000000000000000000004        170192477882     
0010001300010U 060000000000006000000000000000000000000000000000000000000000000000000000249970000000000249970000000000000000000000000000001407202515072025            000000000000000                              000                           
0010001300011T 0601897X0000000092096 24778822500002199   700000000000219931072025000000000021958033001940000002199                0900000000000010100000000000000000000000000000000000000   000000000000000000000000004        170192477882     
0010001300012U 060000000000000000000000000000000000000000000000000000000000000000000000219580000000000219580000000000000000000000000000001407202515072025            000000000000000                              000                           
0010001300013T 0601897X0000000092096 24778822500002448   700000000000244830062025000000000023889341054030000002448                0900000000000010100000000000000000000000000000000000000   000000000000000000000000004        170192477882     
0010001300014U 060000000000005880000000000000000000000000000000000000000000000000000000244770000000000244770000000000000000000000000000001407202515072025            000000000000000                              000                           
0010001300015T 0601897X0000000092096 24778822500003935   700000000000393531102025000000000226513237030410000003935                0900000000000010100000000000000000000000000000000000000   000000000000000000000000004        170192477882     
0010001300016U 060000000000000000000000000000000000000000000000000000000000000000000002265130000000002265130000000000000000000000000000001407202515072025            000000000000000                              000                           
0010001300017T 0601897X0000000092096 24778822500006235   700000000000623531072025000000000038143745000010000006235                0900000000000010100000000000000000000000000000000000000   000000000000000000000000004        170192477882     
0010001300018U 060000000000000000000000000000000000000000000000000000000000000000000000381430000000000381430000000000000000000000000000001407202515072025            000000000000000                              000                           
0010001300019T 0601897X0000000092096 24778822500008006   700000000000800631072025000000000020326001024538000008006                0900000000000010040000000000000000000000000000000000000   000000000000000000000000034        170192477882     
0010001300020U 060000000000000000000000000000000000000000000000000000000000000000000000203260000000000203260000000000000000000000000000001407202515072025            000000000000000                              000                           
0010001300021T 1401897X0000000092096 24778822500000004   700000000000000431072025000000002472107001004561000000004                0900000000000000000000000000000000000000000000000000000   000000000000000000000000000        170192477882     
0010001300022U 140000000000000000000000000000000000000000000000000000000000000000000000000000000000000000000000000000000000000000000000001407202500000000            000000000000000                              000                           
0010001300023T 1401897X0000000092096 24778822500000030   700000000000003025072025000000000428952001009903000000030                0900000000000000000000000000000000000000000000000000000   000000000000000000000000000        170192477882     
0010001300024U 140000000000000000000000000000000000000000000000000000000000000000000000000000000000000000000000000000000000000000000000001407202500000000            000000000000000                              000                           
0010001300025T 1401897X0000000092096 24778822500000077   70000000000000772507202500000000019016500101849X000000077                0900000000000000000000000000000000000000000000000000000   000000000000000000000000000        170192477882     
0010001300026U 140000000000000000000000000000000000000000000000000000000000000000000000000000000000000000000000000000000000000000000000001407202500000000            000000000000000                              000                           
0010001300027T 1401897X0000000092096 24778822500000370   70000000000003701507202500000000003513200100216X000000370                0900000000000000000000000000000000000000000000000000000   000000000000000000000000000        170192477882     
0010001300028U 140000000000000000000000000000000000000000000000000000000000000000000000000000000000000000000000000000000000000000000000001407202500000000            000000000000000                              000                           
0010001300029T 1401897X0000000092096 24778822500000434   70000000000004341507202500000000003176800100216X000000434                0900000000000000000000000000000000000000000000000000000   000000000000000000000000000        170192477882     
0010001300030U 140000000000000000000000000000000000000000000000000000000000000000000000000000000000000000000000000000000000000000000000001407202500000000            000000000000000                              000                           
0010001300031T 1401897X0000000092096 24778822500000512   70000000000005122507202500000000002927700101821X000000512                0900000000000000000000000000000000000000000000000000000   000000000000000000000000000        170192477882     
0010001300032U 140000000000000000000000000000000000000000000000000000000000000000000000000000000000000000000000000000000000000000000000001407202500000000            000000000000000                              000                           
0010001300033T 1401897X0000000092096 24778822500000854   700000000000085425072025000000000017630001009946000000854                0900000000000000000000000000000000000000000000000000000   000000000000000000000000000        170192477882     
0010001300034U 140000000000000000000000000000000000000000000000000000000000000000000000000000000000000000000000000000000000000000000000001407202500000000            000000000000000                              000                           
0010001300035T 1401897X0000000092096 24778822500001245   700000000000124515072025000000000024885001003190000001245                0900000000000000000000000000000000000000000000000000000   000000000000000000000000000        170192477882     
0010001300036U 140000000000000000000000000000000000000000000000000000000000000000000000000000000000000000000000000000000000000000000000001407202500000000            000000000000000                              000                           
0010001300037T 1401897X0000000092096 24778822500001852   70000000000018521507202500000000002195700100216X000001852                0900000000000000000000000000000000000000000000000000000   000000000000000000000000000        170192477882     
0010001300038U 140000000000000000000000000000000000000000000000000000000000000000000000000000000000000000000000000000000000000000000000001407202500000000            000000000000000                              000                           
0010001300039T 1401897X0000000092096 24778822500001954   70000000000019541507202500000000002049400100216X000001954                0900000000000000000000000000000000000000000000000000000   000000000000000000000000000        170192477882     
0010001300040U 140000000000000000000000000000000000000000000000000000000000000000000000000000000000000000000000000000000000000000000000001407202500000000            000000000000000                              000                           
0010001300041T 1401897X0000000092096 24778822500002488   70000000000024881507202500000000002342300100216X000002488                0900000000000000000000000000000000000000000000000000000   000000000000000000000000000        170192477882     
0010001300042U 140000000000000000000000000000000000000000000000000000000000000000000000000000000000000000000000000000000000000000000000001407202500000000            000000000000000                              000                           
0010001300043T 1401897X0000000092096 24778822500002738   70000000000027381507202500000000002049200100216X000002738                0900000000000000000000000000000000000000000000000000000   000000000000000000000000000        170192477882     
0010001300044U 140000000000000000000000000000000000000000000000000000000000000000000000000000000000000000000000000000000000000000000000001407202500000000            000000000000000                              000                           
0010001300045T 1401897X0000000092096 24778822500003637   700000000000363725072025000000000581791001009180000003637                0900000000000000000000000000000000000000000000000000000   000000000000000000000000000        170192477882     
0010001300046U 140000000000000000000000000000000000000000000000000000000000000000000000000000000000000000000000000000000000000000000000001407202500000000            000000000000000                              000                           
0010001300047T 1401897X0000000092096 24778822500004729   700000000000472915072025000000000089292001003018000004729                0900000000000000000000000000000000000000000000000000000   000000000000000000000000000        170192477882     
0010001300048U 140000000000000000000000000000000000000000000000000000000000000000000000000000000000000000000000000000000000000000000000001407202500000000            000000000000000                              000                           
0010001300049T 1401897X0000000092096 24778822500005352   70000000000053521507202500000000006064200100216X000005352                0900000000000000000000000000000000000000000000000000000   000000000000000000000000000        170192477882     
0010001300050U 140000000000000000000000000000000000000000000000000000000000000000000000000000000000000000000000000000000000000000000000001407202500000000            000000000000000                              000                           
0010001300051T 1401897X0000000092096 24778822500005884   700000000000588425072025000000000044316001009296000005884                0900000000000000000000000000000000000000000000000000000   000000000000000000000000000        170192477882     
0010001300052U 140000000000000000000000000000000000000000000000000000000000000000000000000000000000000000000000000000000000000000000000001407202500000000            000000000000000                              000                           
0010001300053T 1401897X0000000092096 24778822500006850   70000000000068501507202500000000003136700100216X000006850                0900000000000000000000000000000000000000000000000000000   000000000000000000000000000        170192477882     
0010001300054U 140000000000000000000000000000000000000000000000000000000000000000000000000000000000000000000000000000000000000000000000001407202500000000            000000000000000                              000                           
0010001300055T 1401897X0000000092096 24778822500006927   700000000000692725072025000000000030593001008117000006927                0900000000000000000000000000000000000000000000000000000   000000000000000000000000000        170192477882     
0010001300056U 140000000000000000000000000000000000000000000000000000000000000000000000000000000000000000000000000000000000000000000000001407202500000000            000000000000000                              000                           
00100015         000058006482000000017273276340000000000000000000000000000000000000000000000000000000000000000000000000000000000000000000000000000                                                                                              
00199999         000001000060000000                                                                                                                                                            00000000000000000000000000000                    
