00100000         2115139610001160024778820014       01897X0000000092096 FUNDACAO AGENCIA DAS BACIAS HIBANCO DO BRASIL                         21509202502132300622503000000829973081PROCESSAMEN                                                 
00100011T0100020 20115139610001160024778820014       01897X0000000092096 FUNDACAO AGENCIA DAS BACIAS HI                                                                                000000001509202500000000  000000000                      
0010001300001T 0201897X0000000092096 24778829000008896   7000008896      3009202500000000016896900101849X000008896                0900000000000010000000000000000000000000000000000000000   0000000000000000000000519A9        170192477882     
0010001300002U 020000000000000000000000000000000000000000000000000000000000000000000000000000000000000000000000000000000000000000000000001509202500000000            000000000000000                              000                           
0010001300003T 0201897X0000000092096 24778829000008897   7000008897      3110202500000000016896800101849X000008897                0900000000000010000000000000000000000000000000000000000   0000000000000000000000519A9        170192477882     
0010001300004U 020000000000000000000000000000000000000000000000000000000000000000000000000000000000000000000000000000000000000000000000001509202500000000            000000000000000                              000                           
0010001300005T 0201897X0000000092096 24778829000008898   7000008898      2811202500000000016896800101849X000008898                0900000000000010000000000000000000000000000000000000000   0000000000000000000000519A9        170192477882     
0010001300006U 020000000000000000000000000000000000000000000000000000000000000000000000000000000000000000000000000000000000000000000000001509202500000000            000000000000000                              000                           
0010001300007T 0201897X0000000092096 24778829000008899   7000008899      1912202500000000016896800101849X000008899                0900000000000010000000000000000000000000000000000000000   0000000000000000000000519A9        170192477882     
0010001300008U 020000000000000000000000000000000000000000000000000000000000000000000000000000000000000000000000000000000000000000000000001509202500000000            000000000000000                              000                           
0010001300009T 0201897X0000000092096 24778829000008900   7000008900      30092025000000000064416001009946000008900                0900000000000010500000000000000000000000000000000000000   0000000000000000000000519A9A4      170192477882     
0010001300010U 020000000000000000000000000000000000000000000000000000000000000000000000000000000000000000000000000000000000000000000000001509202500000000            000000000000000                              000                           
0010001300011T 0201897X0000000092096 24778829000008903   7000008903      30092025000000000093299001000566000008903                0900000000000010500000000000000000000000000000000000000   0000000000000000000000519A9A4      170192477882     
0010001300012U 020000000000000000000000000000000000000000000000000000000000000000000000000000000000000000000000000000000000000000000000001509202500000000            000000000000000                              000                           
0010001300013T 0201897X0000000092096 24778829000008904   7000008904      30092025000000000063629001004596000008904                0900000000000010500000000000000000000000000000000000000   0000000000000000000000519A9A4      170192477882     
0010001300014U 020000000000000000000000000000000000000000000000000000000000000000000000000000000000000000000000000000000000000000000000001509202500000000            000000000000000                              000                           
0010001300015T 0201897X0000000092096 24778829000008905   7000008905      30092025000000000030550001020125000008905                0900000000000010500000000000000000000000000000000000000   0000000000000000000000519A9A4      170192477882     
0010001300016U 020000000000000000000000000000000000000000000000000000000000000000000000000000000000000000000000000000000000000000000000001509202500000000            000000000000000                              000                           
0010001300017T 0201897X0000000092096 24778829000008908   7000008908      3009202500000000002913200101849X000008908                0900000000000010500000000000000000000000000000000000000   0000000000000000000000519A9A4      170192477882     
0010001300018U 020000000000000000000000000000000000000000000000000000000000000000000000000000000000000000000000000000000000000000000000001509202500000000            000000000000000                              000                           
0010001300019T 0601897X0000000092096 24778822500002333   700000000000233330092025000000000021105033002810000002333                0900000000000010100000000000000000000000000000000000000   000000000000000000000000004        170192477882     
0010001300020U 060000000000000000000000000000000000000000000000000000000000000000000000211050000000000211050000000000000000000000000000001509202516092025            000000000000000                              000                           
0010001300021T 0601897X0000000092096 24778822500003262   700000000000326230092025000000054920628001030708000003262                0900000000000010090000000000000000000000000000000000000   000000000000000000000000006        170192477882     
0010001300022U 060000000000000000000000000000000000000000000000000000000000000000000549206280000000549206280000000000000000000000000000001509202516092025            000000000000000                              000                           
0010001300023T 0601897X0000000092096 24778822500003304   700000000000330430092025000000008608101104030800000003304                0900000000000010100000000000000000000000000000000000000   000000000000000000000000004        170192477882     
0010001300024U 060000000000000000000000000000000000000000000000000000000000000000000086081010000000086081010000000000000000000000000000001509202516092025            000000000000000                              000                           
0010001300025T 0601897X0000000092096 24778822500004137   700000000000413730092025000000000176846237003330000004137                0900000000000010100000000000000000000000000000000000000   000000000000000000000000004        170192477882     
0010001300026U 060000000000000000000000000000000000000000000000000000000000000000000001768460000000001768460000000000000000000000000000001509202516092025            000000000000000                              000                           
0010001300027T 0601897X0000000092096 24778822500006055   700000000000605530092025000000000041776748051200000006055                0900000000000010100000000000000000000000000000000000000   000000000000000000000000004        170192477882     
0010001300028U 060000000000000000000000000000000000000000000000000000000000000000000000417760000000000417760000000000000000000000000000001509202516092025            000000000000000                              000                           
0010001300029T 0601897X0000000092096 24778829000008811   7000008811      30092025000000000045042033002160000008811                0900000000000010100000000000000000000000000000000000000   000000000000000000000000004        170192477882     
0010001300030U 060000000000000000000000000000000000000000000000000000000000000000000000450420000000000450420000000000000000000000000000001509202516092025            000000000000000                              000                           
0010001300031T 0601897X0000000092096 24778829000008834   7000008834      30092025000000000082157033031960000008834                0900000000000010100000000000000000000000000000000000000   000000000000000000000000004        170192477882     
0010001300032U 060000000000000000000000000000000000000000000000000000000000000000000000821570000000000821570000000000000000000000000000001509202516092025            000000000000000                              000                           
0010001300033T 0601897X0000000092096 24778829000008868   7000008868      30092025000000000077299748050300000008868                0900000000000010100000000000000000000000000000000000000   000000000000000000000000004        170192477882     
0010001300034U 060000000000000000000000000000000000000000000000000000000000000000000000772990000000000772990000000000000000000000000000001509202516092025            000000000000000                              000                           
0010001300035T 0601897X0000000092096 24778829000008870   7000008870      30092025000000000025536033003350000008870                0900000000000010100000000000000000000000000000000000000   000000000000000000000000004        170192477882     
0010001300036U 060000000000000000000000000000000000000000000000000000000000000000000000255360000000000255360000000000000000000000000000001509202516092025            000000000000000                              000                           
0010001300037T 0601897X0000000092096 24778829000008888   7000008888      30092025000000000030767341000300000008888                0900000000000010100000000000000000000000000000000000000   000000000000000000000000004        170192477882     
0010001300038U 060000000000000000000000000000000000000000000000000000000000000000000000307670000000000307670000000000000000000000000000001509202516092025            000000000000000                              000                           
00100015         000040003472000000010820841900000000000000000000000000000000000000000000000000000000000000000000000000000000000000000000000000000                                                                                              
00199999         000001000042000000                                                                                                                                                            00000000000000000000000000000                    
