00100000         2115139610001160024778820014       01897X0000000092096 FUNDACAO AGENCIA DAS BACIAS HIBANCO DO BRASIL                         20407202502031300612303000000829973081PROCESSAMEN                                                 
00100011T0100020 20115139610001160024778820014       01897X0000000092096 FUNDACAO AGENCIA DAS BACIAS HI                                                                                000000000407202500000000  000000000                      
0010001300001T 0201897X0000000092096 24778829000008668   7000008668      31072025000000000252286001004154000008668                0900000000000010000000000000000000000000000000000000000   0000000000000000000000519A9        170192477882     
0010001300002U 020000000000000000000000000000000000000000000000000000000000000000000000000000000000000000000000000000000000000000000000000407202500000000            000000000000000                              000                           
0010001300003T 0201897X0000000092096 24778829000008669   7000008669      31072025000000000070509001069833000008669                0900000000000010000000000000000000000000000000000000000   0000000000000000000000519A9        170192477882     
0010001300004U 020000000000000000000000000000000000000000000000000000000000000000000000000000000000000000000000000000000000000000000000000407202500000000            000000000000000                              000                           
0010001300005T 0201897X0000000092096 24778829000008670   7000008670      29082025000000000070509001069833000008670                0900000000000010000000000000000000000000000000000000000   0000000000000000000000519A9        170192477882     
0010001300006U 020000000000000000000000000000000000000000000000000000000000000000000000000000000000000000000000000000000000000000000000000407202500000000            000000000000000                              000                           
0010001300007T 0201897X0000000092096 24778829000008671   7000008671      30092025000000000070509001069833000008671                0900000000000010000000000000000000000000000000000000000   0000000000000000000000519A9        170192477882     
0010001300008U 020000000000000000000000000000000000000000000000000000000000000000000000000000000000000000000000000000000000000000000000000407202500000000            000000000000000                              000                           
0010001300009T 0201897X0000000092096 24778829000008672   7000008672      31102025000000000070509001069833000008672                0900000000000010000000000000000000000000000000000000000   0000000000000000000000519A9        170192477882     
0010001300010U 020000000000000000000000000000000000000000000000000000000000000000000000000000000000000000000000000000000000000000000000000407202500000000            000000000000000                              000                           
0010001300011T 0201897X0000000092096 24778829000008673   7000008673      31072025000000000054322001004154000008673                0900000000000010500000000000000000000000000000000000000   0000000000000000000000519A9A4      170192477882     
0010001300012U 020000000000000000000000000000000000000000000000000000000000000000000000000000000000000000000000000000000000000000000000000407202500000000            000000000000000                              000                           
0010001300013T 0201897X0000000092096 24778829000008674   7000008674      29082025000000000054322001004154000008674                0900000000000010500000000000000000000000000000000000000   0000000000000000000000519A9A4      170192477882     
0010001300014U 020000000000000000000000000000000000000000000000000000000000000000000000000000000000000000000000000000000000000000000000000407202500000000            000000000000000                              000                           
0010001300015T 0201897X0000000092096 24778829000008675   7000008675      31072025000000000045596001003409000008675                0900000000000010000000000000000000000000000000000000000   0000000000000000000000519A9        170192477882     
0010001300016U 020000000000000000000000000000000000000000000000000000000000000000000000000000000000000000000000000000000000000000000000000407202500000000            000000000000000                              000                           
0010001300017T 0201897X0000000092096 24778829000008676   7000008676      31072025000000000025931001003190000008676                0900000000000010000000000000000000000000000000000000000   0000000000000000000000519A9        170192477882     
0010001300018U 020000000000000000000000000000000000000000000000000000000000000000000000000000000000000000000000000000000000000000000000000407202500000000            000000000000000                              000                           
0010001300019T 0201897X0000000092096 24778829000008677   7000008677      31072025000000000051563001003190000008677                0900000000000010000000000000000000000000000000000000000   0000000000000000000000519A9        170192477882     
0010001300020U 020000000000000000000000000000000000000000000000000000000000000000000000000000000000000000000000000000000000000000000000000407202500000000            000000000000000                              000                           
0010001300021T 0201897X0000000092096 24778829000008678   7000008678      11072025000000000105517001006998000008678                0900000000000010000000000000000000000000000000000000000   0000000000000000000000519A9        170192477882     
0010001300022U 020000000000000000000000000000000000000000000000000000000000000000000000000000000000000000000000000000000000000000000000000407202500000000            000000000000000                              000                           
0010001300023T 0201897X0000000092096 24778829000008679   7000008679      08072025000000000024662001004561000008679                0900000000000010500000000000000000000000000000000000000   0000000000000000000000519A9A4      170192477882     
0010001300024U 020000000000000000000000000000000000000000000000000000000000000000000000000000000000000000000000000000000000000000000000000407202500000000            000000000000000                              000                           
0010001300025T 0601897X0000000092096 24778822500000057   700000000000005704072025000000000256758237000490000000057                0900000000000010100000000000000000000000000000000000000   000000000000000000000000004        170192477882     
0010001300026U 060000000000000000000000000000000000000000000000000000000000000000000002567580000000002567580000000000000000000000000000000407202507072025            000000000000000                              000                           
0010001300027T 0601897X0000000092096 24778822500000063   700000000000006304072025000000000232024341000080000000063                0900000000000010100000000000000000000000000000000000000   000000000000000000000000004        170192477882     
0010001300028U 060000000000000000000000000000000000000000000000000000000000000000000002320240000000002320240000000000000000000000000000000407202507072025            000000000000000                              000                           
0010001300029T 0601897X0000000092096 24778822500000079   700000000000007904072025000000000187371033015970000000079                0900000000000010100000000000000000000000000000000000000   000000000000000000000000004        170192477882     
0010001300030U 060000000000000000000000000000000000000000000000000000000000000000000001873710000000001873710000000000000000000000000000000407202507072025            000000000000000                              000                           
0010001300031T 0601897X0000000092096 24778822500000097   700000000000009704072025000000000156303237019890000000097                0900000000000010100000000000000000000000000000000000000   000000000000000000000000004        170192477882     
0010001300032U 060000000000000000000000000000000000000000000000000000000000000000000001563030000000001563030000000000000000000000000000000407202507072025            000000000000000                              000                           
0010001300033T 0601897X0000000092096 24778822500000115   700000000000011504072025000000000129943001032131000000115                0900000000000010040000000000000000000000000000000000000   000000000000000000000000034        170192477882     
0010001300034U 060000000000000000000000000000000000000000000000000000000000000000000001299430000000001299430000000000000000000000000000000407202507072025            000000000000000                              000                           
0010001300035T 0601897X0000000092096 24778822500000124   700000000000012404072025000000000118044001032212000000124                0900000000000010040000000000000000000000000000000000000   000000000000000000000000034        170192477882     
0010001300036U 060000000000000000000000000000000000000000000000000000000000000000000001180440000000001180440000000000000000000000000000000407202507072025            000000000000000                              000                           
0010001300037T 0601897X0000000092096 24778822500000131   700000000000013104072025000000000112715755013060000000131                0900000000000010100000000000000000000000000000000000000   000000000000000000000000004        170192477882     
0010001300038U 060000000000000000000000000000000000000000000000000000000000000000000001127150000000001127150000000000000000000000000000000407202507072025            000000000000000                              000                           
0010001300039T 0601897X0000000092096 24778822500000181   700000000000018104072025000000000073192033045580000000181                0900000000000010100000000000000000000000000000000000000   000000000000000000000000004        170192477882     
0010001300040U 060000000000000000000000000000000000000000000000000000000000000000000000731920000000000731920000000000000000000000000000000407202507072025            000000000000000                              000                           
0010001300041T 0601897X0000000092096 24778822500000188   700000000000018804072025000000000071226237004030000000188                0900000000000010100000000000000000000000000000000000000   000000000000000000000000004        170192477882     
0010001300042U 060000000000000000000000000000000000000000000000000000000000000000000000712260000000000712260000000000000000000000000000000407202507072025            000000000000000                              000                           
0010001300043T 0601897X0000000092096 24778822500000260   700000000000026011072025000000000043914341000410000000260                0900000000000010100000000000000000000000000000000000000   000000000000000000000000004        170192477882     
0010001300044U 060000000000000000000000000000000000000000000000000000000000000000000000439140000000000439140000000000000000000000000000000407202507072025            000000000000000                              000                           
0010001300045T 0601897X0000000092096 24778822500000293   700000000000029304072025000000000039040001004154000000293                0900000000000010060000000000000000000000000000000000000   000000000000000000000000033        170192477882     
0010001300046U 060000000000000000000000000000000000000000000000000000000000000000000000390400000000000390400000000000000000000000000000000407202507072025            000000000000000                              000                           
0010001300047T 0601897X0000000092096 24778822500000336   700000000000033630062025000000000036596237013220000000336                0900000000000010100000000000000000000000000000000000000   000000000000000000000000004        170192477882     
0010001300048U 060000000000007790000000000000000000000000000000000000000000000000000000373750000000000373750000000000000000000000000000000407202507072025            000000000000000                              000                           
0010001300049T 0601897X0000000092096 24778822500000396   700000000000039604072025000000000033755756048020000000396                0900000000000010100000000000000000000000000000000000000   000000000000000000000000004        170192477882     
0010001300050U 060000000000000000000000000000000000000000000000000000000000000000000000337550000000000337550000000000000000000000000000000407202507072025            000000000000000                              000                           
0010001300051T 0601897X0000000092096 24778822500000423   700000000000042304072025000000000032205237003230000000423                0900000000000010100000000000000000000000000000000000000   000000000000000000000000004        170192477882     
0010001300052U 060000000000000000000000000000000000000000000000000000000000000000000000322050000000000322050000000000000000000000000000000407202507072025            000000000000000                              000                           
0010001300053T 0601897X0000000092096 24778822500000425   700000000000042504072025000000000032113033005190000000425                0900000000000010100000000000000000000000000000000000000   000000000000000000000000004        170192477882     
0010001300054U 060000000000000000000000000000000000000000000000000000000000000000000000321130000000000321130000000000000000000000000000000407202507072025            000000000000000                              000                           
0010001300055T 0601897X0000000092096 24778822500000438   700000000000043804072025000000000031619033047700000000438                0900000000000010100000000000000000000000000000000000000   000000000000000000000000004        170192477882     
0010001300056U 060000000000000000000000000000000000000000000000000000000000000000000000316190000000000316190000000000000000000000000000000407202507072025            000000000000000                              000                           
0010001300057T 0601897X0000000092096 24778822500000449   700000000000044904072025000000000030964341000540000000449                0900000000000010100000000000000000000000000000000000000   000000000000000000000000004        170192477882     
0010001300058U 060000000000000000000000000000000000000000000000000000000000000000000000309640000000000309640000000000000000000000000000000407202507072025            000000000000000                              000                           
0010001300059T 0601897X0000000092096 24778822500000531   700000000000053104072025000000000028876341000260000000531                0900000000000010100000000000000000000000000000000000000   000000000000000000000000004        170192477882     
0010001300060U 060000000000000000000000000000000000000000000000000000000000000000000000288760000000000288760000000000000000000000000000000407202507072025            000000000000000                              000                           
0010001300061T 0601897X0000000092096 24778822500000539   700000000000053904072025000000000028586237023720000000539                0900000000000010100000000000000000000000000000000000000   000000000000000000000000004        170192477882     
0010001300062U 060000000000000000000000000000000000000000000000000000000000000000000000285860000000000285860000000000000000000000000000000407202507072025            000000000000000                              000                           
0010001300063T 0601897X0000000092096 24778822500000557   700000000000055704072025000000000027813104040840000000557                0900000000000010100000000000000000000000000000000000000   000000000000000000000000004        170192477882     
0010001300064U 060000000000000000000000000000000000000000000000000000000000000000000000278130000000000278130000000000000000000000000000000407202507072025            000000000000000                              000                           
0010001300065T 0601897X0000000092096 24778822500000558   700000000000055804072025000000000027761341001960000000558                0900000000000010100000000000000000000000000000000000000   000000000000000000000000004        170192477882     
0010001300066U 060000000000000000000000000000000000000000000000000000000000000000000000277610000000000277610000000000000000000000000000000407202507072025            000000000000000                              000                           
0010001300067T 0601897X0000000092096 24778822500000663   700000000000066304072025000000000024333341029040000000663                0900000000000010100000000000000000000000000000000000000   000000000000000000000000004        170192477882     
0010001300068U 060000000000000000000000000000000000000000000000000000000000000000000000243330000000000243330000000000000000000000000000000407202507072025            000000000000000                              000                           
0010001300069T 0601897X0000000092096 24778822500000682   700000000000068211072025000000000023428341000410000000682                0900000000000010100000000000000000000000000000000000000   000000000000000000000000004        170192477882     
0010001300070U 060000000000000000000000000000000000000000000000000000000000000000000000234280000000000234280000000000000000000000000000000407202507072025            000000000000000                              000                           
0010001300071T 0601897X0000000092096 24778822500000699   700000000000069904072025000000000023421033000100000000699                0900000000000010100000000000000000000000000000000000000   000000000000000000000000004        170192477882     
0010001300072U 060000000000000000000000000000000000000000000000000000000000000000000000234210000000000234210000000000000000000000000000000407202507072025            000000000000000                              000                           
0010001300073T 0601897X0000000092096 24778822500000710   70000000000007100407202500000000002323500103360X000000710                0900000000000010040000000000000000000000000000000000000   000000000000000000000000034        170192477882     
0010001300074U 060000000000000000000000000000000000000000000000000000000000000000000000232350000000000232350000000000000000000000000000000407202507072025            000000000000000                              000                           
0010001300075T 0601897X0000000092096 24778822500000714   700000000000071411072025000000000023016274000010000000714                0900000000000010100000000000000000000000000000000000000   000000000000000000000000004        170192477882     
0010001300076U 060000000000000000000000000000000000000000000000000000000000000000000000230160000000000230160000000000000000000000000000000407202507072025            000000000000000                              000                           
0010001300077T 0601897X0000000092096 24778822500000859   700000000000085904072025000000000017506341015780000000859                0900000000000010100000000000000000000000000000000000000   000000000000000000000000004        170192477882     
0010001300078U 060000000000000000000000000000000000000000000000000000000000000000000000175060000000000175060000000000000000000000000000000407202507072025            000000000000000                              000                           
0010001300079T 0601897X0000000092096 24778822500000970   700000000000097004072025000000000012084341002770000000970                0900000000000010100000000000000000000000000000000000000   000000000000000000000000004        170192477882     
0010001300080U 060000000000000000000000000000000000000000000000000000000000000000000000120840000000000120840000000000000000000000000000000407202507072025            000000000000000                              000                           
0010001300081T 0601897X0000000092096 24778822500001255   700000000000125530062025000000000024702341015860000001255                0900000000000010100000000000000000000000000000000000000   000000000000000000000000004        170192477882     
0010001300082U 060000000000005260000000000000000000000000000000000000000000000000000000252280000000000252280000000000000000000000000000000407202507072025            000000000000000                              000                           
0010001300083T 0601897X0000000092096 24778822500001291   700000000000129104072025000000000023775748053590000001291                0900000000000010100000000000000000000000000000000000000   000000000000000000000000004        170192477882     
0010001300084U 060000000000000000000000000000000000000000000000000000000000000000000000237750000000000237750000000000000000000000000000000407202507072025            000000000000000                              000                           
0010001300085T 0601897X0000000092096 24778822500001513   700000000000151304072025000000000020297001030813000001513                0900000000000010060000000000000000000000000000000000000   000000000000000000000000033        170192477882     
0010001300086U 060000000000000000000000000000000000000000000000000000000000000000000000202970000000000202970000000000000000000000000000000407202507072025            000000000000000                              000                           
0010001300087T 0601897X0000000092096 24778822500001702   700000000000170204072025000000000023944237014790000001702                0900000000000010100000000000000000000000000000000000000   000000000000000000000000004        170192477882     
0010001300088U 060000000000000000000000000000000000000000000000000000000000000000000000239440000000000239440000000000000000000000000000000407202507072025            000000000000000                              000                           
0010001300089T 0601897X0000000092096 24778822500001789   700000000000178904072025000000000022915341002370000001789                0900000000000010100000000000000000000000000000000000000   000000000000000000000000004        170192477882     
0010001300090U 060000000000000000000000000000000000000000000000000000000000000000000000229150000000000229150000000000000000000000000000000407202507072025            000000000000000                              000                           
0010001300091T 0601897X0000000092096 24778822500001966   700000000000196604072025000000000020271237033910000001966                0900000000000010100000000000000000000000000000000000000   000000000000000000000000004        170192477882     
0010001300092U 060000000000000000000000000000000000000000000000000000000000000000000000202710000000000202710000000000000000000000000000000407202507072025            000000000000000                              000                           
0010001300093T 0601897X0000000092096 24778822500002138   700000000000213804072025000000000022623341015780000002138                0900000000000010100000000000000000000000000000000000000   000000000000000000000000004        170192477882     
0010001300094U 060000000000000000000000000000000000000000000000000000000000000000000000226230000000000226230000000000000000000000000000000407202507072025            000000000000000                              000                           
0010001300095T 0601897X0000000092096 24778822500002426   700000000000242604072025000000000020127341009110000002426                0900000000000010100000000000000000000000000000000000000   000000000000000000000000004        170192477882     
0010001300096U 060000000000000000000000000000000000000000000000000000000000000000000000201270000000000201270000000000000000000000000000000407202507072025            000000000000000                              000                           
0010001300097T 0601897X0000000092096 24778822500002718   700000000000271804072025000000000020629237003160000002718                0900000000000010100000000000000000000000000000000000000   000000000000000000000000004        170192477882     
0010001300098U 060000000000000000000000000000000000000000000000000000000000000000000000206290000000000206290000000000000000000000000000000407202507072025            000000000000000                              000                           
0010001300099T 0601897X0000000092096 24778822500002773   700000000000277304072025000000000020287001051152000002773                0900000000000010040000000000000000000000000000000000000   000000000000000000000000034        170192477882     
0010001300100U 060000000000000000000000000000000000000000000000000000000000000000000000202870000000000202870000000000000000000000000000000407202507072025            000000000000000                              000                           
0010001300101T 0601897X0000000092096 24778822500002959   700000000000295904072025000000000021955237026560000002959                0900000000000010100000000000000000000000000000000000000   000000000000000000000000004        170192477882     
0010001300102U 060000000000000000000000000000000000000000000000000000000000000000000000219550000000000219550000000000000000000000000000000407202507072025            000000000000000                              000                           
0010001300103T 0601897X0000000092096 24778822500003109   700000000000310904072025000000000021032341000540000003109                0900000000000010100000000000000000000000000000000000000   000000000000000000000000004        170192477882     
0010001300104U 060000000000000000000000000000000000000000000000000000000000000000000000210320000000000210320000000000000000000000000000000407202507072025            000000000000000                              000                           
0010001300105T 0601897X0000000092096 24778822500003896   700000000000389604072025000000000246723237005200000003896                0900000000000010100000000000000000000000000000000000000   000000000000000000000000004        170192477882     
0010001300106U 060000000000000000000000000000000000000000000000000000000000000000000002467230000000002467230000000000000000000000000000000407202507072025            000000000000000                              000                           
0010001300107T 0601897X0000000092096 24778822500003987   700000000000398704072025000000000218113341016190000003987                0900000000000010100000000000000000000000000000000000000   000000000000000000000000004        170192477882     
0010001300108U 060000000000000000000000000000000000000000000000000000000000000000000002181130000000002181130000000000000000000000000000000407202507072025            000000000000000                              000                           
0010001300109T 0601897X0000000092096 24778822500004036   700000000000403604072025000000000201274341076490000004036                0900000000000010100000000000000000000000000000000000000   000000000000000000000000004        170192477882     
0010001300110U 060000000000000000000000000000000000000000000000000000000000000000000002012740000000002012740000000000000000000000000000000407202507072025            000000000000000                              000                           
0010001300111T 0601897X0000000092096 24778822500004043   700000000000404304072025000000000197276237005200000004043                0900000000000010100000000000000000000000000000000000000   000000000000000000000000004        170192477882     
0010001300112U 060000000000000000000000000000000000000000000000000000000000000000000001972760000000001972760000000000000000000000000000000407202507072025            000000000000000                              000                           
0010001300113T 0601897X0000000092096 24778822500004078   700000000000407804072025000000000184861341005600000004078                0900000000000010100000000000000000000000000000000000000   000000000000000000000000004        170192477882     
0010001300114U 060000000000000000000000000000000000000000000000000000000000000000000001848610000000001848610000000000000000000000000000000407202507072025            000000000000000                              000                           
0010001300115T 0601897X0000000092096 24778822500004477   700000000000447704072025000000000113124341013700000004477                0900000000000010100000000000000000000000000000000000000   000000000000000000000000004        170192477882     
0010001300116U 060000000000000000000000000000000000000000000000000000000000000000000001131240000000001131240000000000000000000000000000000407202507072025            000000000000000                              000                           
0010001300117T 0601897X0000000092096 24778822500004575   700000000000457504072025000000000104306341016190000004575                0900000000000010100000000000000000000000000000000000000   000000000000000000000000004        170192477882     
0010001300118U 060000000000000000000000000000000000000000000000000000000000000000000001043060000000001043060000000000000000000000000000000407202507072025            000000000000000                              000                           
0010001300119T 0601897X0000000092096 24778822500004680   700000000000468004072025000000000092889001069779000004680                0900000000000010040000000000000000000000000000000000000   000000000000000000000000034        170192477882     
0010001300120U 060000000000000000000000000000000000000000000000000000000000000000000000928890000000000928890000000000000000000000000000000407202507072025            000000000000000                              000                           
0010001300121T 0601897X0000000092096 24778822500005009   700000000000500904072025000000000074502237005200000005009                0900000000000010100000000000000000000000000000000000000   000000000000000000000000004        170192477882     
0010001300122U 060000000000000000000000000000000000000000000000000000000000000000000000745020000000000745020000000000000000000000000000000407202507072025            000000000000000                              000                           
0010001300123T 0601897X0000000092096 24778822500005205   700000000000520504072025000000000064189001051152000005205                0900000000000010040000000000000000000000000000000000000   000000000000000000000000034        170192477882     
0010001300124U 060000000000000000000000000000000000000000000000000000000000000000000000641890000000000641890000000000000000000000000000000407202507072025            000000000000000                              000                           
0010001300125T 0601897X0000000092096 24778822500005226   700000000000522604072025000000000063920341000070000005226                0900000000000010100000000000000000000000000000000000000   000000000000000000000000004        170192477882     
0010001300126U 060000000000000000000000000000000000000000000000000000000000000000000000639200000000000639200000000000000000000000000000000407202507072025            000000000000000                              000                           
0010001300127T 0601897X0000000092096 24778822500005233   70000000000052330407202500000000006365800101897X000005233                0900000000000010090000000000000000000000000000000000000   000000000000000000000000006        170192477882     
0010001300128U 060000000000000000000000000000000000000000000000000000000000000000000000636580000000000636580000000000000000000000000000000407202507072025            000000000000000                              000                           
0010001300129T 0601897X0000000092096 24778822500005577   700000000000557731072025000000000053512237035050000005577                0900000000000010100000000000000000000000000000000000000   000000000000000000000000004        170192477882     
0010001300130U 060000000000000000000000000000000000000000000000000000000000000000000000535120000000000535120000000000000000000000000000000407202507072025            000000000000000                              000                           
0010001300131T 0601897X0000000092096 24778822500005709   700000000000570904072025000000000050186509000010000005709                0900000000000010100000000000000000000000000000000000000   000000000000000000000000004        170192477882     
0010001300132U 060000000000000000000000000000000000000000000000000000000000000000000000501860000000000501860000000000000000000000000000000407202507072025            000000000000000                              000                           
0010001300133T 0601897X0000000092096 24778822500005779   700000000000577904072025000000000047751376000010000005779                0900000000000010100000000000000000000000000000000000000   000000000000000000000000004        170192477882     
0010001300134U 060000000000000000000000000000000000000000000000000000000000000000000000477510000000000477510000000000000000000000000000000407202507072025            000000000000000                              000                           
0010001300135T 0601897X0000000092096 24778822500005807   700000000000580704072025000000000047050509000010000005807                0900000000000010100000000000000000000000000000000000000   000000000000000000000000004        170192477882     
0010001300136U 060000000000000000000000000000000000000000000000000000000000000000000000470500000000000470500000000000000000000000000000000407202507072025            000000000000000                              000                           
0010001300137T 0601897X0000000092096 24778822500005828   700000000000582804072025000000000045772341001690000005828                0900000000000010100000000000000000000000000000000000000   000000000000000000000000004        170192477882     
0010001300138U 060000000000000000000000000000000000000000000000000000000000000000000000457720000000000457720000000000000000000000000000000407202507072025            000000000000000                              000                           
0010001300139T 0601897X0000000092096 24778822500005905   700000000000590504072025000000000043907341001690000005905                0900000000000010100000000000000000000000000000000000000   000000000000000000000000004        170192477882     
0010001300140U 060000000000000000000000000000000000000000000000000000000000000000000000439070000000000439070000000000000000000000000000000407202507072025            000000000000000                              000                           
0010001300141T 0601897X0000000092096 24778822500005940   700000000000594004072025000000000042872033038850000005940                0900000000000010100000000000000000000000000000000000000   000000000000000000000000004        170192477882     
0010001300142U 060000000000000000000000000000000000000000000000000000000000000000000000428720000000000428720000000000000000000000000000000407202507072025            000000000000000                              000                           
0010001300143T 0601897X0000000092096 24778822500006108   700000000000610804072025000000000041237033035400000006108                0900000000000010100000000000000000000000000000000000000   000000000000000000000000004        170192477882     
0010001300144U 060000000000000000000000000000000000000000000000000000000000000000000000412370000000000412370000000000000000000000000000000407202507072025            000000000000000                              000                           
0010001300145T 0601897X0000000092096 24778822500006115   700000000000611530062025000000000041099756020670000006115                0900000000000010100000000000000000000000000000000000000   000000000000000000000000004        170192477882     
0010001300146U 060000000000008750000000000000000000000000000000000000000000000000000000419740000000000419740000000000000000000000000000000407202507072025            000000000000000                              000                           
0010001300147T 0601897X0000000092096 24778822500006395   700000000000639504072025000000000035761237070940000006395                0900000000000010100000000000000000000000000000000000000   000000000000000000000000004        170192477882     
0010001300148U 060000000000000000000000000000000000000000000000000000000000000000000000357610000000000357610000000000000000000000000000000407202507072025            000000000000000                              000                           
0010001300149T 0601897X0000000092096 24778822500006444   700000000000644404072025000000000035552237014510000006444                0900000000000010100000000000000000000000000000000000000   000000000000000000000000004        170192477882     
0010001300150U 060000000000000000000000000000000000000000000000000000000000000000000000355520000000000355520000000000000000000000000000000407202507072025            000000000000000                              000                           
0010001300151T 0601897X0000000092096 24778822500006878   700000000000687804072025000000000031367033032440000006878                0900000000000010100000000000000000000000000000000000000   000000000000000000000000004        170192477882     
0010001300152U 060000000000000000000000000000000000000000000000000000000000000000000000313670000000000313670000000000000000000000000000000407202507072025            000000000000000                              000                           
0010001300153T 0601897X0000000092096 24778822500007215   700000000000721531072025000000000027186033003920000007215                0900000000000010100000000000000000000000000000000000000   000000000000000000000000004        170192477882     
0010001300154U 060000000000000000000000000000000000000000000000000000000000000000000000271860000000000271860000000000000000000000000000000407202507072025            000000000000000                              000                           
0010001300155T 0601897X0000000092096 24778822500007543   700000000000754304072025000000000024093341016190000007543                0900000000000010100000000000000000000000000000000000000   000000000000000000000000004        170192477882     
0010001300156U 060000000000000000000000000000000000000000000000000000000000000000000000240930000000000240930000000000000000000000000000000407202507072025            000000000000000                              000                           
0010001300157T 0601897X0000000092096 24778822500007711   700000000000771104072025000000000022138001051152000007711                0900000000000010040000000000000000000000000000000000000   000000000000000000000000034        170192477882     
0010001300158U 060000000000000000000000000000000000000000000000000000000000000000000000221380000000000221380000000000000000000000000000000407202507072025            000000000000000                              000                           
0010001300159T 0601897X0000000092096 24778822500007809   700000000000780904072025000000000021019341085450000007809                0900000000000010100000000000000000000000000000000000000   000000000000000000000000004        170192477882     
0010001300160U 060000000000000000000000000000000000000000000000000000000000000000000000210190000000000210190000000000000000000000000000000407202507072025            000000000000000                              000                           
0010001300161T 0601897X0000000092096 24778822500007963   700000000000796304072025000000000020614341015780000007963                0900000000000010100000000000000000000000000000000000000   000000000000000000000000004        170192477882     
0010001300162U 060000000000000000000000000000000000000000000000000000000000000000000000206140000000000206140000000000000000000000000000000407202507072025            000000000000000                              000                           
0010001300163T 0601897X0000000092096 24778822500008026   700000000000802604072025000000000020078341015700000008026                0900000000000010100000000000000000000000000000000000000   000000000000000000000000004        170192477882     
0010001300164U 060000000000000000000000000000000000000000000000000000000000000000000000200780000000000200780000000000000000000000000000000407202507072025            000000000000000                              000                           
0010001300165T 0601897X0000000092096 24778822500008040   700000000000804004072025000000000020078341083650000008040                0900000000000010100000000000000000000000000000000000000   000000000000000000000000004        170192477882     
0010001300166U 060000000000000000000000000000000000000000000000000000000000000000000000200780000000000200780000000000000000000000000000000407202507072025            000000000000000                              000                           
0010001300167T 0601897X0000000092096 24778822500008054   700000000000805404072025000000000020078001022187000008054                0900000000000010060000000000000000000000000000000000000   000000000000000000000000033        170192477882     
0010001300168U 060000000000000000000000000000000000000000000000000000000000000000000000200780000000000200780000000000000000000000000000000407202507072025            000000000000000                              000                           
0010001300169T 0601897X0000000092096 24778829000008546   7000008546      30062025000000000166999033000900000008546                0900000000000010100000000000000000000000000000000000000   000000000000000000000000004        170192477882     
0010001300170U 060000000000035610000000000000000000000000000000000000000000000000000001705600000000001705600000000000000000000000000000000407202507072025            000000000000000                              000                           
0010001300171T 0901897X0000000092096 24778829000008119   7000008119      30052025000000000201277001069833000008119                0900000000000000000000000000000000000000000000000000000   000000000000000000000039009        170192477882     
0010001300172U 090000000000000000000000000000000000000000000000000000000000000000000000000000000000000000000000000000000000000000000000000407202500000000            000000000000000                              000                           
0010001300173T 0901897X0000000092096 24778829000008342   7000008342      30052025000000000141153001001724000008342                0900000000000000000000000000000000000000000000000000000   000000000000000000000039009        170192477882     
0010001300174U 090000000000000000000000000000000000000000000000000000000000000000000000000000000000000000000000000000000000000000000000000407202500000000            000000000000000                              000                           
0010001300175T 0901897X0000000092096 24778829000008565   7000008565      30052025000000000217929001069833000008565                0900000000000000000000000000000000000000000000000000000   000000000000000000000039009        170192477882     
0010001300176U 090000000000000000000000000000000000000000000000000000000000000000000000000000000000000000000000000000000000000000000000000407202500000000            000000000000000                              000                           
0010001300177T 0901897X0000000092096 24778829000008577   7000008577      30052025000000000067060001022004000008577                0900000000000000000000000000000000000000000000000000000   000000000000000000000039009        170192477882     
0010001300178U 090000000000000000000000000000000000000000000000000000000000000000000000000000000000000000000000000000000000000000000000000407202500000000            000000000000000                              000                           
0010001300179T 0901897X0000000092096 24778822500000674   700000000000067411072025000000000023906001003190000000674                0900000000000000000000000000000000000000000000000000000   000000000000000000000039010        170192477882     
0010001300180U 090000000000000000000000000000000000000000000000000000000000000000000000000000000000000000000000000000000000000000000000000407202500000000            000000000000000                              000                           
0010001300181T 0901897X0000000092096 24778822500002673   700000000000267311072025000000000021105001006998000002673                0900000000000000000000000000000000000000000000000000000   000000000000000000000039010        170192477882     
0010001300182U 090000000000000000000000000000000000000000000000000000000000000000000000000000000000000000000000000000000000000000000000000407202500000000            000000000000000                              000                           
0010001300183T 0901897X0000000092096 24778822500002674   700000000000267431072025000000000021103001006998000002674                0900000000000000000000000000000000000000000000000000000   000000000000000000000039010        170192477882     
0010001300184U 090000000000000000000000000000000000000000000000000000000000000000000000000000000000000000000000000000000000000000000000000407202500000000            000000000000000                              000                           
0010001300185T 0901897X0000000092096 24778822500002675   700000000000267529082025000000000021103001006998000002675                0900000000000000000000000000000000000000000000000000000   000000000000000000000039010        170192477882     
0010001300186U 090000000000000000000000000000000000000000000000000000000000000000000000000000000000000000000000000000000000000000000000000407202500000000            000000000000000                              000                           
0010001300187T 0901897X0000000092096 24778822500002676   700000000000267630092025000000000021103001006998000002676                0900000000000000000000000000000000000000000000000000000   000000000000000000000039010        170192477882     
0010001300188U 090000000000000000000000000000000000000000000000000000000000000000000000000000000000000000000000000000000000000000000000000407202500000000            000000000000000                              000                           
0010001300189T 0901897X0000000092096 24778822500002677   700000000000267731102025000000000021103001006998000002677                0900000000000000000000000000000000000000000000000000000   000000000000000000000039010        170192477882     
0010001300190U 090000000000000000000000000000000000000000000000000000000000000000000000000000000000000000000000000000000000000000000000000407202500000000            000000000000000                              000                           
0010001300191T 1401897X0000000092096 24778822500000033   700000000000003311072025000000000407034001022004000000033                0900000000000000000000000000000000000000000000000000000   000000000000000000000000000        170192477882     
0010001300192U 140000000000000000000000000000000000000000000000000000000000000000000000000000000000000000000000000000000000000000000000000407202500000000            000000000000000                              000                           
0010001300193T 1401897X0000000092096 24778822500000076   700000000000007611072025000000000193062001001724000000076                0900000000000000000000000000000000000000000000000000000   000000000000000000000000000        170192477882     
0010001300194U 140000000000000000000000000000000000000000000000000000000000000000000000000000000000000000000000000000000000000000000000000407202500000000            000000000000000                              000                           
0010001300195T 1401897X0000000092096 24778822500000114   700000000000011411072025000000000130452001069833000000114                0900000000000000000000000000000000000000000000000000000   000000000000000000000000000        170192477882     
0010001300196U 140000000000000000000000000000000000000000000000000000000000000000000000000000000000000000000000000000000000000000000000000407202500000000            000000000000000                              000                           
0010001300197T 1401897X0000000092096 24778822500001009   700000000000100911072025000000000007148001000566000001009                0900000000000000000000000000000000000000000000000000000   000000000000000000000000000        170192477882     
0010001300198U 140000000000000000000000000000000000000000000000000000000000000000000000000000000000000000000000000000000000000000000000000407202500000000            000000000000000                              000                           
0010001300199T 1401897X0000000092096 24778822500001089   700000000000108911072025000000000029244001004154000001089                0900000000000000000000000000000000000000000000000000000   000000000000000000000000000        170192477882     
0010001300200U 140000000000000000000000000000000000000000000000000000000000000000000000000000000000000000000000000000000000000000000000000407202500000000            000000000000000                              000                           
0010001300201T 1401897X0000000092096 24778822500002603   700000000000260311072025000000000022013001008117000002603                0900000000000000000000000000000000000000000000000000000   000000000000000000000000000        170192477882     
0010001300202U 140000000000000000000000000000000000000000000000000000000000000000000000000000000000000000000000000000000000000000000000000407202500000000            000000000000000                              000                           
0010001300203T 1401897X0000000092096 24778822500003651   700000000000365111072025000000000557630001009946000003651                0900000000000000000000000000000000000000000000000000000   000000000000000000000000000        170192477882     
0010001300204U 140000000000000000000000000000000000000000000000000000000000000000000000000000000000000000000000000000000000000000000000000407202500000000            000000000000000                              000                           
0010001300205T 1401897X0000000092096 24778822500005331   700000000000533111072025000000000061196001000566000005331                0900000000000000000000000000000000000000000000000000000   000000000000000000000000000        170192477882     
0010001300206U 140000000000000000000000000000000000000000000000000000000000000000000000000000000000000000000000000000000000000000000000000407202500000000            000000000000000                              000                           
0010001300207T 1401897X0000000092096 24778822500005373   700000000000537311072025000000000060132001009296000005373                0900000000000000000000000000000000000000000000000000000   000000000000000000000000000        170192477882     
0010001300208U 140000000000000000000000000000000000000000000000000000000000000000000000000000000000000000000000000000000000000000000000000407202500000000            000000000000000                              000                           
0010001300209T 1401897X0000000092096 24778822500005611   700000000000561111072025000000000051993001066583000005611                0900000000000000000000000000000000000000000000000000000   000000000000000000000000000        170192477882     
0010001300210U 140000000000000000000000000000000000000000000000000000000000000000000000000000000000000000000000000000000000000000000000000407202500000000            000000000000000                              000                           
0010001300211T 1401897X0000000092096 24778822500006066   700000000000606611072025000000000041695001043036000006066                0900000000000000000000000000000000000000000000000000000   000000000000000000000000000        170192477882     
0010001300212U 140000000000000000000000000000000000000000000000000000000000000000000000000000000000000000000000000000000000000000000000000407202500000000            000000000000000                              000                           
0010001300213T 1401897X0000000092096 24778822500007018   700000000000701811072025000000000029672001003409000007018                0900000000000000000000000000000000000000000000000000000   000000000000000000000000000        170192477882     
0010001300214U 140000000000000000000000000000000000000000000000000000000000000000000000000000000000000000000000000000000000000000000000000407202500000000            000000000000000                              000                           
0010001300215T 1401897X0000000092096 24778822500007263   700000000000726311072025000000000026349001009903000007263                0900000000000000000000000000000000000000000000000000000   000000000000000000000000000        170192477882     
0010001300216U 140000000000000000000000000000000000000000000000000000000000000000000000000000000000000000000000000000000000000000000000000407202500000000            000000000000000                              000                           
0010001300217T 1401897X0000000092096 24778822500008061   700000000000806111072025000000000020060001003409000008061                0900000000000000000000000000000000000000000000000000000   000000000000000000000000000        170192477882     
0010001300218U 140000000000000000000000000000000000000000000000000000000000000000000000000000000000000000000000000000000000000000000000000407202500000000            000000000000000                              000                           
00100015         000220006650000000018406766210000000000000000000000000000000000000000000000000000000000000000000000000000000000000000000000000000                                                                                              
00199999         000001000222000000                                                                                                                                                            00000000000000000000000000000                    
