00100000         2115139610001160024778820014       01897X0000000092096 FUNDACAO AGENCIA DAS BACIAS HIBANCO DO BRASIL                         22406202502043300610703000000829973081PROCESSAMEN                                                 
00100011T0100020 20115139610001160024778820014       01897X0000000092096 FUNDACAO AGENCIA DAS BACIAS HI                                                                                000000002406202500000000  000000000                      
0010001300001T 0201897X0000000092096 24778829000008642   7000008642      30062025000000000041310001009296000008642                0900000000000010500000000000000000000000000000000000000   0000000000000000000000519A9A4      170192477882     
0010001300002U 020000000000000000000000000000000000000000000000000000000000000000000000000000000000000000000000000000000000000000000000002406202500000000            000000000000000                              000                           
0010001300003T 0601897X0000000092096 24778822500000019   700000000000001930062025000000000692660341087450000000019                0900000000000010100000000000000000000000000000000000000   000000000000000000000000004        170192477882     
0010001300004U 060000000000000000000000000000000000000000000000000000000000000000000006926600000000006926600000000000000000000000000000002406202525062025            000000000000000                              000                           
0010001300005T 0601897X0000000092096 24778822500000032   700000000000003230062025000000000415240341048710000000032                0900000000000010100000000000000000000000000000000000000   000000000000000000000000004        170192477882     
0010001300006U 060000000000000000000000000000000000000000000000000000000000000000000004152400000000004152400000000000000000000000000000002406202525062025            000000000000000                              000                           
0010001300007T 0601897X0000000092096 24778822500000126   700000000000012630062025000000000116160001016071000000126                0900000000000010090000000000000000000000000000000000000   000000000000000000000000006        170192477882     
0010001300008U 060000000000000000000000000000000000000000000000000000000000000000000001161600000000001161600000000000000000000000000000002406202525062025            000000000000000                              000                           
0010001300009T 0601897X0000000092096 24778822500000135   700000000000013530062025000000000107430745000010000000135                0900000000000010100000000000000000000000000000000000000   000000000000000000000000004        170192477882     
0010001300010U 060000000000000000000000000000000000000000000000000000000000000000000001074300000000001074300000000000000000000000000000002406202525062025            000000000000000                              000                           
0010001300011T 0601897X0000000092096 24778822500000141   700000000000014130062025000000000102469237000850000000141                0900000000000010100000000000000000000000000000000000000   000000000000000000000000004        170192477882     
0010001300012U 060000000000000000000000000000000000000000000000000000000000000000000001024690000000001024690000000000000000000000000000002406202525062025            000000000000000                              000                           
0010001300013T 0601897X0000000092096 24778822500000213   700000000000021330062025000000000059074001070785000000213                0900000000000010020000000000000000000000000000000000000   000000000000000000000000033        170192477882     
0010001300014U 060000000000000000000000000000000000000000000000000000000000000000000000590740000000000590740000000000000000000000000000002406202525062025            000000000000000                              000                           
0010001300015T 0601897X0000000092096 24778822500000247   700000000000024730062025000000000046843341006110000000247                0900000000000010100000000000000000000000000000000000000   000000000000000000000000004        170192477882     
0010001300016U 060000000000000000000000000000000000000000000000000000000000000000000000468430000000000468430000000000000000000000000000002406202525062025            000000000000000                              000                           
0010001300017T 0601897X0000000092096 24778822500000265   700000000000026530062025000000000043766001032212000000265                0900000000000010090000000000000000000000000000000000000   000000000000000000000000006        170192477882     
0010001300018U 060000000000000000000000000000000000000000000000000000000000000000000000437660000000000437660000000000000000000000000000002406202525062025            000000000000000                              000                           
0010001300019T 0601897X0000000092096 24778822500000447   70000000000004473006202500000000003103500101267X000000447                0900000000000010060000000000000000000000000000000000000   000000000000000000000000033        170192477882     
0010001300020U 060000000000000000000000000000000000000000000000000000000000000000000000310350000000000310350000000000000000000000000000002406202525062025            000000000000000                              000                           
0010001300021T 0601897X0000000092096 24778822500000561   700000000000056130062025000000000027656748077570000000561                0900000000000010100000000000000000000000000000000000000   000000000000000000000000004        170192477882     
0010001300022U 060000000000000000000000000000000000000000000000000000000000000000000000276560000000000276560000000000000000000000000000002406202525062025            000000000000000                              000                           
0010001300023T 0601897X0000000092096 24778822500000581   700000000000058130062025000000000026634341038140000000581                0900000000000010100000000000000000000000000000000000000   000000000000000000000000004        170192477882     
0010001300024U 060000000000000000000000000000000000000000000000000000000000000000000000266340000000000266340000000000000000000000000000002406202525062025            000000000000000                              000                           
0010001300025T 0601897X0000000092096 24778822500000633   700000000000063330062025000000000025207104042050000000633                0900000000000010100000000000000000000000000000000000000   000000000000000000000000004        170192477882     
0010001300026U 060000000000000000000000000000000000000000000000000000000000000000000000252070000000000252070000000000000000000000000000002406202525062025            000000000000000                              000                           
0010001300027T 0601897X0000000092096 24778822500000670   700000000000067030062025000000000024063341086690000000670                0900000000000010100000000000000000000000000000000000000   000000000000000000000000004        170192477882     
0010001300028U 060000000000000000000000000000000000000000000000000000000000000000000000240630000000000240630000000000000000000000000000002406202525062025            000000000000000                              000                           
0010001300029T 0601897X0000000092096 24778822500001087   700000000000108730062025000000000029275341006580000001087                0900000000000010100000000000000000000000000000000000000   000000000000000000000000004        170192477882     
0010001300030U 060000000000000000000000000000000000000000000000000000000000000000000000292750000000000292750000000000000000000000000000002406202525062025            000000000000000                              000                           
0010001300031T 0601897X0000000092096 24778822500001159   700000000000115930062025000000000026589341000760000001159                0900000000000010100000000000000000000000000000000000000   000000000000000000000000004        170192477882     
0010001300032U 060000000000000000000000000000000000000000000000000000000000000000000000265890000000000265890000000000000000000000000000002406202525062025            000000000000000                              000                           
0010001300033T 0601897X0000000092096 24778822500001160   700000000000116031072025000000000026590341000760000001160                0900000000000010100000000000000000000000000000000000000   000000000000000000000000004        170192477882     
0010001300034U 060000000000000000000000000000000000000000000000000000000000000000000000265900000000000265900000000000000000000000000000002406202525062025            000000000000000                              000                           
0010001300035T 0601897X0000000092096 24778822500001215   700000000000121530062025000000000025555237005200000001215                0900000000000010100000000000000000000000000000000000000   000000000000000000000000004        170192477882     
0010001300036U 060000000000000000000000000000000000000000000000000000000000000000000000255550000000000255550000000000000000000000000000002406202525062025            000000000000000                              000                           
0010001300037T 0601897X0000000092096 24778822500001265   700000000000126530062025000000000024396341006580000001265                0900000000000010100000000000000000000000000000000000000   000000000000000000000000004        170192477882     
0010001300038U 060000000000000000000000000000000000000000000000000000000000000000000000243960000000000243960000000000000000000000000000002406202525062025            000000000000000                              000                           
0010001300039T 0601897X0000000092096 24778822500001455   700000000000145530062025000000000021237341000280000001455                0900000000000010100000000000000000000000000000000000000   000000000000000000000000004        170192477882     
0010001300040U 060000000000000000000000000000000000000000000000000000000000000000000000212370000000000212370000000000000000000000000000002406202525062025            000000000000000                              000                           
0010001300041T 0601897X0000000092096 24778822500002418   700000000000241830062025000000000020171033002850000002418                0900000000000010100000000000000000000000000000000000000   000000000000000000000000004        170192477882     
0010001300042U 060000000000000000000000000000000000000000000000000000000000000000000000201710000000000201710000000000000000000000000000002406202525062025            000000000000000                              000                           
0010001300043T 0601897X0000000092096 24778822500002733   700000000000273330062025000000000020493033036440000002733                0900000000000010100000000000000000000000000000000000000   000000000000000000000000004        170192477882     
0010001300044U 060000000000000000000000000000000000000000000000000000000000000000000000204930000000000204930000000000000000000000000000002406202525062025            000000000000000                              000                           
0010001300045T 0601897X0000000092096 24778822500003511   700000000000351130062025000000000954920033002850000003511                0900000000000010100000000000000000000000000000000000000   000000000000000000000000004        170192477882     
0010001300046U 060000000000000000000000000000000000000000000000000000000000000000000009549200000000009549200000000000000000000000000000002406202525062025            000000000000000                              000                           
0010001300047T 0601897X0000000092096 24778822500004876   700000000000487630062025000000000081558033004970000004876                0900000000000010100000000000000000000000000000000000000   000000000000000000000000004        170192477882     
0010001300048U 060000000000000000000000000000000000000000000000000000000000000000000000815580000000000815580000000000000000000000000000002406202525062025            000000000000000                              000                           
0010001300049T 0601897X0000000092096 24778822500005345   700000000000534530062025000000000061061104003150000005345                0900000000000010100000000000000000000000000000000000000   000000000000000000000000004        170192477882     
0010001300050U 060000000000000000000000000000000000000000000000000000000000000000000000610610000000000610610000000000000000000000000000002406202525062025            000000000000000                              000                           
0010001300051T 0601897X0000000092096 24778822500006458   700000000000645830062025000000000035342748050300000006458                0900000000000010100000000000000000000000000000000000000   000000000000000000000000004        170192477882     
0010001300052U 060000000000000000000000000000000000000000000000000000000000000000000000353420000000000353420000000000000000000000000000002406202525062025            000000000000000                              000                           
0010001300053T 0601897X0000000092096 24778822500006647   700000000000664730062025000000000033459033033160000006647                0900000000000010100000000000000000000000000000000000000   000000000000000000000000004        170192477882     
0010001300054U 060000000000000000000000000000000000000000000000000000000000000000000000334590000000000334590000000000000000000000000000002406202525062025            000000000000000                              000                           
0010001300055T 0601897X0000000092096 24778822500006801   700000000000680130062025000000000031976341048970000006801                0900000000000010100000000000000000000000000000000000000   000000000000000000000000004        170192477882     
0010001300056U 060000000000000000000000000000000000000000000000000000000000000000000000319760000000000319760000000000000000000000000000002406202525062025            000000000000000                              000                           
0010001300057T 0601897X0000000092096 24778822500007914   700000000000791430062025000000000020894341000410000007914                0900000000000010100000000000000000000000000000000000000   000000000000000000000000004        170192477882     
0010001300058U 060000000000000000000000000000000000000000000000000000000000000000000000208940000000000208940000000000000000000000000000002406202525062025            000000000000000                              000                           
0010001300059T 0601897X0000000092096 24778829000008557   7000008557      30062025000000000098206341048970000008557                0900000000000010100000000000000000000000000000000000000   000000000000000000000000004        170192477882     
0010001300060U 060000000000000000000000000000000000000000000000000000000000000000000000982060000000000982060000000000000000000000000000002406202525062025            000000000000000                              000                           
0010001300061T 0601897X0000000092096 24778829000008641   7000008641      30062025000000000309168237000460000008641                0900000000000010100000000000000000000000000000000000000   000000000000000000000000004        170192477882     
0010001300062U 060000000000000000000000000000000000000000000000000000000000000000000003091680000000003091680000000000000000000000000000002406202525062025            000000000000000                              000                           
0010001300063T 1401897X0000000092096 24778822500000145   70000000000001450407202500000000010164200101849X000000145                0900000000000000000000000000000000000000000000000000000   000000000000000000000000000        170192477882     
0010001300064U 140000000000000000000000000000000000000000000000000000000000000000000000000000000000000000000000000000000000000000000000002406202500000000            000000000000000                              000                           
00100015         000066007963000000020927477080000000000000000000000000000000000000000000000000000000000000000000000000000000000000000000000000000                                                                                              
00199999         000001000068000000                                                                                                                                                            00000000000000000000000000000                    
