00100000         2115139610001160024778820014       01897X0000000092096 FUNDACAO AGENCIA DAS BACIAS HIBANCO DO BRASIL                         22509202502073800624103000000829973081PROCESSAMEN                                                 
00100011T0100020 20115139610001160024778820014       01897X0000000092096 FUNDACAO AGENCIA DAS BACIAS HI                                                                                000000002509202500000000  000000000                      
0010001300001T 0601897X0000000092096 24778822500002506   700000000000250630092025000000000023421341023500000002506                0900000000000010100000000000000000000000000000000000000   000000000000000000000000004        170192477882     
0010001300002U 060000000000000000000000000000000000000000000000000000000000000000000000234210000000000234210000000000000000000000000000002509202526092025            000000000000000                              000                           
0010001300003T 0601897X0000000092096 24778822500002872   700000000000287230092025000000000022660001045640000002872                0900000000000010060000000000000000000000000000000000000   000000000000000000000000033        170192477882     
0010001300004U 060000000000000000000000000000000000000000000000000000000000000000000000226600000000000226600000000000000000000000000000002509202526092025            000000000000000                              000                           
0010001300005T 0601897X0000000092096 24778822500003106   700000000000310630092025000000000021079033035840000003106                0900000000000010100000000000000000000000000000000000000   000000000000000000000000004        170192477882     
0010001300006U 060000000000000000000000000000000000000000000000000000000000000000000000210790000000000210790000000000000000000000000000002509202526092025            000000000000000                              000                           
0010001300007T 0601897X0000000092096 24778822500003244   700000000000324430092025000000000020103341005620000003244                0900000000000010100000000000000000000000000000000000000   000000000000000000000000004        170192477882     
0010001300008U 060000000000000000000000000000000000000000000000000000000000000000000000201030000000000201030000000000000000000000000000002509202526092025            000000000000000                              000                           
0010001300009T 0601897X0000000092096 24778822500003325   700000000000332530092025000000005419538104002980000003325                0900000000000010100000000000000000000000000000000000000   000000000000000000000000004        170192477882     
0010001300010U 060000000000000000000000000000000000000000000000000000000000000000000054195380000000054195380000000000000000000000000000002509202526092025            000000000000000                              000                           
0010001300011T 0601897X0000000092096 24778822500003878   700000000000387830092025000000000250855756085660000003878                0900000000000010100000000000000000000000000000000000000   000000000000000000000000004        170192477882     
0010001300012U 060000000000000000000000000000000000000000000000000000000000000000000002508550000000002508550000000000000000000000000000002509202526092025            000000000000000                              000                           
0010001300013T 0601897X0000000092096 24778822500004620   700000000000462030092025000000000099124755013060000004620                0900000000000010100000000000000000000000000000000000000   000000000000000000000000004        170192477882     
0010001300014U 060000000000000000000000000000000000000000000000000000000000000000000000991240000000000991240000000000000000000000000000002509202526092025            000000000000000                              000                           
0010001300015T 0601897X0000000092096 24778822500004956   700000000000495630092025000000000075656341000090000004956                0900000000000010100000000000000000000000000000000000000   000000000000000000000000004        170192477882     
0010001300016U 060000000000000000000000000000000000000000000000000000000000000000000000756560000000000756560000000000000000000000000000002509202526092025            000000000000000                              000                           
0010001300017T 0601897X0000000092096 24778822500004963   700000000000496330092025000000000075379341001360000004963                0900000000000010100000000000000000000000000000000000000   000000000000000000000000004        170192477882     
0010001300018U 060000000000000000000000000000000000000000000000000000000000000000000000753790000000000753790000000000000000000000000000002509202526092025            000000000000000                              000                           
0010001300019T 0601897X0000000092096 24778822500005215   700000000000521530092025000000000064084237070940000005215                0900000000000010100000000000000000000000000000000000000   000000000000000000000000004        170192477882     
0010001300020U 060000000000000000000000000000000000000000000000000000000000000000000000640840000000000640840000000000000000000000000000002509202526092025            000000000000000                              000                           
0010001300021T 0601897X0000000092096 24778822500005404   700000000000540430092025000000000058898001001678000005404                0900000000000010060000000000000000000000000000000000000   000000000000000000000000033        170192477882     
0010001300022U 060000000000000000000000000000000000000000000000000000000000000000000000588980000000000588980000000000000000000000000000002509202526092025            000000000000000                              000                           
0010001300023T 0601897X0000000092096 24778822500005411   700000000000541130092025000000000058731033001780000005411                0900000000000010100000000000000000000000000000000000000   000000000000000000000000004        170192477882     
0010001300024U 060000000000000000000000000000000000000000000000000000000000000000000000587310000000000587310000000000000000000000000000002509202526092025            000000000000000                              000                           
0010001300025T 0601897X0000000092096 24778822500006146   700000000000614630092025000000000040735756011310000006146                0900000000000010100000000000000000000000000000000000000   000000000000000000000000004        170192477882     
0010001300026U 060000000000000000000000000000000000000000000000000000000000000000000000407350000000000407350000000000000000000000000000002509202526092025            000000000000000                              000                           
0010001300027T 0601897X0000000092096 24778822500006174   700000000000617430092025000000000040151756085660000006174                0900000000000010100000000000000000000000000000000000000   000000000000000000000000004        170192477882     
0010001300028U 060000000000000000000000000000000000000000000000000000000000000000000000401510000000000401510000000000000000000000000000002509202526092025            000000000000000                              000                           
0010001300029T 0601897X0000000092096 24778822500006356   700000000000635630092025000000000036621104003320000006356                0900000000000010100000000000000000000000000000000000000   000000000000000000000000004        170192477882     
0010001300030U 060000000000000000000000000000000000000000000000000000000000000000000000366210000000000366210000000000000000000000000000002509202526092025            000000000000000                              000                           
0010001300031T 0601897X0000000092096 24778822500006454   700000000000645430092025000000000035550756013660000006454                0900000000000010100000000000000000000000000000000000000   000000000000000000000000004        170192477882     
0010001300032U 060000000000000000000000000000000000000000000000000000000000000000000000355500000000000355500000000000000000000000000000002509202526092025            000000000000000                              000                           
0010001300033T 0601897X0000000092096 24778822500006685   700000000000668530092025000000000033137001065072000006685                0900000000000010040000000000000000000000000000000000000   000000000000000000000000034        170192477882     
0010001300034U 060000000000000000000000000000000000000000000000000000000000000000000000331370000000000331370000000000000000000000000000002509202526092025            000000000000000                              000                           
0010001300035T 0601897X0000000092096 24778822500006755   700000000000675530092025000000000032318341000280000006755                0900000000000010100000000000000000000000000000000000000   000000000000000000000000004        170192477882     
0010001300036U 060000000000000000000000000000000000000000000000000000000000000000000000323180000000000323180000000000000000000000000000002509202526092025            000000000000000                              000                           
0010001300037T 0601897X0000000092096 24778822500006958   700000000000695830092025000000000030197237003160000006958                0900000000000010100000000000000000000000000000000000000   000000000000000000000000004        170192477882     
0010001300038U 060000000000000000000000000000000000000000000000000000000000000000000000301970000000000301970000000000000000000000000000002509202526092025            000000000000000                              000                           
0010001300039T 0601897X0000000092096 24778822500007014   700000000000701430092025000000000029718237033900000007014                0900000000000010100000000000000000000000000000000000000   000000000000000000000000004        170192477882     
0010001300040U 060000000000000000000000000000000000000000000000000000000000000000000000297180000000000297180000000000000000000000000000002509202526092025            000000000000000                              000                           
0010001300041T 0601897X0000000092096 24778822500007077   700000000000707730092025000000000029277756038430000007077                0900000000000010100000000000000000000000000000000000000   000000000000000000000000004        170192477882     
0010001300042U 060000000000000000000000000000000000000000000000000000000000000000000000292770000000000292770000000000000000000000000000002509202526092025            000000000000000                              000                           
0010001300043T 0601897X0000000092096 24778822500007413   700000000000741330092025000000000025074341015630000007413                0900000000000010100000000000000000000000000000000000000   000000000000000000000000004        170192477882     
0010001300044U 060000000000000000000000000000000000000000000000000000000000000000000000250740000000000250740000000000000000000000000000002509202526092025            000000000000000                              000                           
0010001300045T 0601897X0000000092096 24778822500007420   700000000000742030092025000000000025057033000900000007420                0900000000000010100000000000000000000000000000000000000   000000000000000000000000004        170192477882     
0010001300046U 060000000000000000000000000000000000000000000000000000000000000000000000250570000000000250570000000000000000000000000000002509202526092025            000000000000000                              000                           
0010001300047T 0601897X0000000092096 24778822500007826   700000000000782630092025000000000020912341002620000007826                0900000000000010100000000000000000000000000000000000000   000000000000000000000000004        170192477882     
0010001300048U 060000000000000000000000000000000000000000000000000000000000000000000000209120000000000209120000000000000000000000000000002509202526092025            000000000000000                              000                           
0010001300049T 0601897X0000000092096 24778829000008787   7000008787      30092025000000000243033341009100000008787                0900000000000010100000000000000000000000000000000000000   000000000000000000000000004        170192477882     
0010001300050U 060000000000000000000000000000000000000000000000000000000000000000000002430330000000002430330000000000000000000000000000002509202526092025            000000000000000                              000                           
0010001300051T 0601897X0000000092096 24778829000008866   7000008866      30092025000000000109316237033910000008866                0900000000000010100000000000000000000000000000000000000   000000000000000000000000004        170192477882     
0010001300052U 060000000000000000000000000000000000000000000000000000000000000000000001093160000000001093160000000000000000000000000000002509202526092025            000000000000000                              000                           
0010001300053T 0601897X0000000092096 24778829000008883   7000008883      30092025000000000065127341000410000008883                0900000000000010100000000000000000000000000000000000000   000000000000000000000000004        170192477882     
0010001300054U 060000000000000000000000000000000000000000000000000000000000000000000000651270000000000651270000000000000000000000000000002509202526092025            000000000000000                              000                           
0010001300055T 0601897X0000000092096 24778829000008913   7000008913      30092025000000000028653237033670000008913                0900000000000010100000000000000000000000000000000000000   000000000000000000000000004        170192477882     
0010001300056U 060000000000000000000000000000000000000000000000000000000000000000000000286530000000000286530000000000000000000000000000002509202526092025            000000000000000                              000                           
0010001300057T 0601897X0000000092096 24778829000008941   7000008941      30092025000000000070737001045640000008941                0900000000000010060000000000000000000000000000000000000   000000000000000000000000033        170192477882     
0010001300058U 060000000000000000000000000000000000000000000000000000000000000000000000707370000000000707370000000000000000000000000000002509202526092025            000000000000000                              000                           
0010001300059T 0901897X0000000092096 24778822500006299   700000000000629929082025000000000037641001004154000006299                0900000000000000000000000000000000000000000000000000000   000000000000000000000039010        170192477882     
0010001300060U 090000000000000000000000000000000000000000000000000000000000000000000000000000000000000000000000000000000000000000000000002509202500000000            000000000000000                              000                           
0010001300061T 0901897X0000000092096 24778822500006300   700000000000630030092025000000000037641001004154000006300                0900000000000000000000000000000000000000000000000000000   000000000000000000000039010        170192477882     
0010001300062U 090000000000000000000000000000000000000000000000000000000000000000000000000000000000000000000000000000000000000000000000002509202500000000            000000000000000                              000                           
0010001300063T 0901897X0000000092096 24778822500006301   700000000000630131102025000000000037641001004154000006301                0900000000000000000000000000000000000000000000000000000   000000000000000000000039010        170192477882     
0010001300064U 090000000000000000000000000000000000000000000000000000000000000000000000000000000000000000000000000000000000000000000000002509202500000000            000000000000000                              000                           
0010001300065T 0901897X0000000092096 24778822500006302   700000000000630228112025000000000037641001004154000006302                0900000000000000000000000000000000000000000000000000000   000000000000000000000039010        170192477882     
0010001300066U 090000000000000000000000000000000000000000000000000000000000000000000000000000000000000000000000000000000000000000000000002509202500000000            000000000000000                              000                           
0010001300067T 0901897X0000000092096 24778822500006303   700000000000630319122025000000000037641001004154000006303                0900000000000000000000000000000000000000000000000000000   000000000000000000000039010        170192477882     
0010001300068U 090000000000000000000000000000000000000000000000000000000000000000000000000000000000000000000000000000000000000000000000002509202500000000            000000000000000                              000                           
0010001300069T 0901897X0000000092096 24778829000008859   7000008859      30092025000000000350528001003018000008859                0900000000000000000000000000000000000000000000000000000   000000000000000000000039010        170192477882     
0010001300070U 090000000000000000000000000000000000000000000000000000000000000000000000000000000000000000000000000000000000000000000000002509202500000000            000000000000000                              000                           
00100015         000072003379000000010805796570000000000000000000000000000000000000000000000000000000000000000000000000000000000000000000000000000                                                                                              
00199999         000001000074000000                                                                                                                                                            00000000000000000000000000000                    
