00100000         2115139610001160024778820014       01897X0000000092096 FUNDACAO AGENCIA DAS BACIAS HIBANCO DO BRASIL                         22409202502035900623903000000829973081PROCESSAMEN                                                 
00100011T0100020 20115139610001160024778820014       01897X0000000092096 FUNDACAO AGENCIA DAS BACIAS HI                                                                                000000002409202500000000  000000000                      
0010001300001T 0201897X0000000092096 24778829000008941   7000008941      30092025000000000070737001001678000008941                0900000000000010000000000000000000000000000000000000000   0000000000000000000000519A9        170192477882     
0010001300002U 020000000000000000000000000000000000000000000000000000000000000000000000000000000000000000000000000000000000000000000000002409202500000000            000000000000000                              000                           
0010001300003T 0201897X0000000092096 24778829000008942   7000008942      30092025000000000099590001014753000008942                0900000000000010500000000000000000000000000000000000000   0000000000000000000000519A9A4      170192477882     
0010001300004U 020000000000000000000000000000000000000000000000000000000000000000000000000000000000000000000000000000000000000000000000002409202500000000            000000000000000                              000                           
0010001300005T 0601897X0000000092096 24778822500002121   700000000000212130092025000000000022945237005200000002121                0900000000000010100000000000000000000000000000000000000   000000000000000000000000004        170192477882     
0010001300006U 060000000000000000000000000000000000000000000000000000000000000000000000229450000000000229450000000000000000000000000000002409202525092025            000000000000000                              000                           
0010001300007T 0601897X0000000092096 24778822500002305   700000000000230530092025000000000021399237002150000002305                0900000000000010100000000000000000000000000000000000000   000000000000000000000000004        170192477882     
0010001300008U 060000000000000000000000000000000000000000000000000000000000000000000000213990000000000213990000000000000000000000000000002409202525092025            000000000000000                              000                           
0010001300009T 0601897X0000000092096 24778822500002409   700000000000240930092025000000000020346341008970000002409                0900000000000010100000000000000000000000000000000000000   000000000000000000000000004        170192477882     
0010001300010U 060000000000000000000000000000000000000000000000000000000000000000000000203460000000000203460000000000000000000000000000002409202525092025            000000000000000                              000                           
0010001300011T 0601897X0000000092096 24778822500002621   700000000000262130092025000000000021883341015630000002621                0900000000000010100000000000000000000000000000000000000   000000000000000000000000004        170192477882     
0010001300012U 060000000000000000000000000000000000000000000000000000000000000000000000218830000000000218830000000000000000000000000000002409202525092025            000000000000000                              000                           
0010001300013T 0601897X0000000092096 24778822500003226   700000000000322630092025000000000020151341044580000003226                0900000000000010100000000000000000000000000000000000000   000000000000000000000000004        170192477882     
0010001300014U 060000000000000000000000000000000000000000000000000000000000000000000000201510000000000201510000000000000000000000000000002409202525092025            000000000000000                              000                           
0010001300015T 0601897X0000000092096 24778822500003238   700000000000323830092025000000000020113341002770000003238                0900000000000010100000000000000000000000000000000000000   000000000000000000000000004        170192477882     
0010001300016U 060000000000000000000000000000000000000000000000000000000000000000000000201130000000000201130000000000000000000000000000002409202525092025            000000000000000                              000                           
0010001300017T 0601897X0000000092096 24778822500003465   700000000000346530092025000000001458572341009100000003465                0900000000000010100000000000000000000000000000000000000   000000000000000000000000004        170192477882     
0010001300018U 060000000000000000000000000000000000000000000000000000000000000000000014585720000000014585720000000000000000000000000000002409202525092025            000000000000000                              000                           
0010001300019T 0601897X0000000092096 24778822500003731   700000000000373130092025000000000371250655000010000003731                0900000000000010100000000000000000000000000000000000000   000000000000000000000000004        170192477882     
0010001300020U 060000000000000000000000000000000000000000000000000000000000000000000003712500000000003712500000000000000000000000000000002409202525092025            000000000000000                              000                           
0010001300021T 0601897X0000000092096 24778822500004396   700000000000439630092025000000000123620341015650000004396                0900000000000010100000000000000000000000000000000000000   000000000000000000000000004        170192477882     
0010001300022U 060000000000000000000000000000000000000000000000000000000000000000000001236200000000001236200000000000000000000000000000002409202525092025            000000000000000                              000                           
0010001300023T 0601897X0000000092096 24778822500004739   700000000000473930092025000000000088637341015650000004739                0900000000000010100000000000000000000000000000000000000   000000000000000000000000004        170192477882     
0010001300024U 060000000000000000000000000000000000000000000000000000000000000000000000886370000000000886370000000000000000000000000000002409202525092025            000000000000000                              000                           
0010001300025T 0601897X0000000092096 24778822500005061   700000000000506130092025000000000072315341000540000005061                0900000000000010100000000000000000000000000000000000000   000000000000000000000000004        170192477882     
0010001300026U 060000000000000000000000000000000000000000000000000000000000000000000000723150000000000723150000000000000000000000000000002409202525092025            000000000000000                              000                           
0010001300027T 0601897X0000000092096 24778822500005075   700000000000507530092025000000000071738341008970000005075                0900000000000010100000000000000000000000000000000000000   000000000000000000000000004        170192477882     
0010001300028U 060000000000000000000000000000000000000000000000000000000000000000000000717380000000000717380000000000000000000000000000002409202525092025            000000000000000                              000                           
0010001300029T 0601897X0000000092096 24778822500005243   700000000000524330092025000000000063511341015650000005243                0900000000000010100000000000000000000000000000000000000   000000000000000000000000004        170192477882     
0010001300030U 060000000000000000000000000000000000000000000000000000000000000000000000635110000000000635110000000000000000000000000000002409202525092025            000000000000000                              000                           
0010001300031T 0601897X0000000092096 24778822500005579   700000000000557930092025000000000053512237035050000005579                0900000000000010100000000000000000000000000000000000000   000000000000000000000000004        170192477882     
0010001300032U 060000000000000000000000000000000000000000000000000000000000000000000000535120000000000535120000000000000000000000000000002409202525092025            000000000000000                              000                           
0010001300033T 0601897X0000000092096 24778822500005768   700000000000576830092025000000000048097104002790000005768                0900000000000010100000000000000000000000000000000000000   000000000000000000000000004        170192477882     
0010001300034U 060000000000000000000000000000000000000000000000000000000000000000000000480970000000000480970000000000000000000000000000002409202525092025            000000000000000                              000                           
0010001300035T 0601897X0000000092096 24778822500006181   700000000000618130092025000000000039801341015650000006181                0900000000000010100000000000000000000000000000000000000   000000000000000000000000004        170192477882     
0010001300036U 060000000000000000000000000000000000000000000000000000000000000000000000398010000000000398010000000000000000000000000000002409202525092025            000000000000000                              000                           
0010001300037T 0601897X0000000092096 24778822500006237   700000000000623730092025000000000038143745000010000006237                0900000000000010100000000000000000000000000000000000000   000000000000000000000000004        170192477882     
0010001300038U 060000000000000000000000000000000000000000000000000000000000000000000000381430000000000381430000000000000000000000000000002409202525092025            000000000000000                              000                           
0010001300039T 0601897X0000000092096 24778822500006461   700000000000646130092025000000000035341748050300000006461                0900000000000010100000000000000000000000000000000000000   000000000000000000000000004        170192477882     
0010001300040U 060000000000000000000000000000000000000000000000000000000000000000000000353410000000000353410000000000000000000000000000002409202525092025            000000000000000                              000                           
0010001300041T 0601897X0000000092096 24778822500006699   700000000000669930092025000000000032889341015650000006699                0900000000000010100000000000000000000000000000000000000   000000000000000000000000004        170192477882     
0010001300042U 060000000000000000000000000000000000000000000000000000000000000000000000328890000000000328890000000000000000000000000000002409202525092025            000000000000000                              000                           
0010001300043T 0601897X0000000092096 24778822500006727   700000000000672730092025000000000032623756013660000006727                0900000000000010100000000000000000000000000000000000000   000000000000000000000000004        170192477882     
0010001300044U 060000000000000000000000000000000000000000000000000000000000000000000000326230000000000326230000000000000000000000000000002409202525092025            000000000000000                              000                           
0010001300045T 0601897X0000000092096 24778822500006804   700000000000680430092025000000000031974341048970000006804                0900000000000010100000000000000000000000000000000000000   000000000000000000000000004        170192477882     
0010001300046U 060000000000000000000000000000000000000000000000000000000000000000000000319740000000000319740000000000000000000000000000002409202525092025            000000000000000                              000                           
0010001300047T 0601897X0000000092096 24778822500006944   700000000000694430092025000000000030322509000010000006944                0900000000000010100000000000000000000000000000000000000   000000000000000000000000004        170192477882     
0010001300048U 060000000000000000000000000000000000000000000000000000000000000000000000303220000000000303220000000000000000000000000000002409202525092025            000000000000000                              000                           
0010001300049T 0601897X0000000092096 24778822500007112   700000000000711230092025000000000028965104002780000007112                0900000000000010100000000000000000000000000000000000000   000000000000000000000000004        170192477882     
0010001300050U 060000000000000000000000000000000000000000000000000000000000000000000000289650000000000289650000000000000000000000000000002409202525092025            000000000000000                              000                           
0010001300051T 0601897X0000000092096 24778822500007980   700000000000798030092025000000000020550756072790000007980                0900000000000010100000000000000000000000000000000000000   000000000000000000000000004        170192477882     
0010001300052U 060000000000000000000000000000000000000000000000000000000000000000000000205500000000000205500000000000000000000000000000002409202525092025            000000000000000                              000                           
0010001300053T 0601897X0000000092096 24778829000008560   7000008560      30092025000000000098206341048970000008560                0900000000000010100000000000000000000000000000000000000   000000000000000000000000004        170192477882     
0010001300054U 060000000000000000000000000000000000000000000000000000000000000000000000982060000000000982060000000000000000000000000000002409202525092025            000000000000000                              000                           
0010001300055T 0601897X0000000092096 24778829000008786   7000008786      30092025000000000151988341000250000008786                0900000000000010100000000000000000000000000000000000000   000000000000000000000000004        170192477882     
0010001300056U 060000000000000000000000000000000000000000000000000000000000000000000001519880000000001519880000000000000000000000000000002409202525092025            000000000000000                              000                           
00100015         000058003414000000010882035310000000000000000000000000000000000000000000000000000000000000000000000000000000000000000000000000000                                                                                              
00199999         000001000060000000                                                                                                                                                            00000000000000000000000000000                    
