00100000         2115139610001160024778820014       01897X0000000092096 FUNDACAO AGENCIA DAS BACIAS HIBANCO DO BRASIL                         21809202501480900623103000000829973081PROCESSAMEN                                                 
00100011T0100020 20115139610001160024778820014       01897X0000000092096 FUNDACAO AGENCIA DAS BACIAS HI                                                                                000000001809202500000000  000000000                      
0010001300001T 0201897X0000000092096 24778829000008915   7000008915      30092025000000000057779001069833000008915                0900000000000010500000000000000000000000000000000000000   0000000000000000000000519A9A4      170192477882     
0010001300002U 020000000000000000000000000000000000000000000000000000000000000000000000000000000000000000000000000000000000000000000000001809202500000000            000000000000000                              000                           
0010001300003T 0201897X0000000092096 24778829000008916   7000008916      30092025000000000056172001003190000008916                0900000000000010000000000000000000000000000000000000000   0000000000000000000000519A9        170192477882     
0010001300004U 020000000000000000000000000000000000000000000000000000000000000000000000000000000000000000000000000000000000000000000000001809202500000000            000000000000000                              000                           
0010001300005T 0201897X0000000092096 24778829000008917   7000008917      3009202500000000003076700101849X000008917                0900000000000010500000000000000000000000000000000000000   0000000000000000000000519A9A4      170192477882     
0010001300006U 020000000000000000000000000000000000000000000000000000000000000000000000000000000000000000000000000000000000000000000000001809202500000000            000000000000000                              000                           
0010001300007T 0601897X0000000092096 24778822500005950   700000000000595030092025000000000042515237013680000005950                0900000000000010100000000000000000000000000000000000000   000000000000000000000000004        170192477882     
0010001300008U 060000000000000000000000000000000000000000000000000000000000000000000000425150000000000425150000000000000000000000000000001809202519092025            000000000000000                              000                           
0010001300009T 0601897X0000000092096 24778822500006230   700000000000623030092025000000000038252756078700000006230                0900000000000010100000000000000000000000000000000000000   000000000000000000000000004        170192477882     
0010001300010U 060000000000000000000000000000000000000000000000000000000000000000000000382520000000000382520000000000000000000000000000001809202519092025            000000000000000                              000                           
0010001300011T 0601897X0000000092096 24778822500006286   700000000000628630092025000000000037641341008970000006286                0900000000000010100000000000000000000000000000000000000   000000000000000000000000004        170192477882     
0010001300012U 060000000000000000000000000000000000000000000000000000000000000000000000376410000000000376410000000000000000000000000000001809202519092025            000000000000000                              000                           
0010001300013T 0601897X0000000092096 24778822500006559   700000000000655930092025000000000033877748054240000006559                0900000000000010100000000000000000000000000000000000000   000000000000000000000000004        170192477882     
0010001300014U 060000000000000000000000000000000000000000000000000000000000000000000000338770000000000338770000000000000000000000000000001809202519092025            000000000000000                              000                           
0010001300015T 0601897X0000000092096 24778822500006881   700000000000688130092025000000000031368033032440000006881                0900000000000010100000000000000000000000000000000000000   000000000000000000000000004        170192477882     
0010001300016U 060000000000000000000000000000000000000000000000000000000000000000000000313680000000000313680000000000000000000000000000001809202519092025            000000000000000                              000                           
0010001300017T 0601897X0000000092096 24778829000008794   7000008794      30092025000000000387825033037160000008794                0900000000000010100000000000000000000000000000000000000   000000000000000000000000004        170192477882     
0010001300018U 060000000000000000000000000000000000000000000000000000000000000000000003878250000000003878250000000000000000000000000000001809202519092025            000000000000000                              000                           
0010001300019T 0901897X0000000092096 24778822500005558   700000000000555830092025000000000054371001004561000005558                0900000000000000000000000000000000000000000000000000000   000000000000000000000039010        170192477882     
0010001300020U 090000000000000000000000000000000000000000000000000000000000000000000000000000000000000000000000000000000000000000000000001809202500000000            000000000000000                              000                           
0010001300021T 0901897X0000000092096 24778822500005559   700000000000555931102025000000000054371001004561000005559                0900000000000000000000000000000000000000000000000000000   000000000000000000000039010        170192477882     
0010001300022U 090000000000000000000000000000000000000000000000000000000000000000000000000000000000000000000000000000000000000000000000001809202500000000            000000000000000                              000                           
0010001300023T 0901897X0000000092096 24778822500005560   700000000000556028112025000000000054371001004561000005560                0900000000000000000000000000000000000000000000000000000   000000000000000000000039010        170192477882     
0010001300024U 090000000000000000000000000000000000000000000000000000000000000000000000000000000000000000000000000000000000000000000000001809202500000000            000000000000000                              000                           
0010001300025T 0901897X0000000092096 24778822500005561   700000000000556119122025000000000054371001004561000005561                0900000000000000000000000000000000000000000000000000000   000000000000000000000039010        170192477882     
0010001300026U 090000000000000000000000000000000000000000000000000000000000000000000000000000000000000000000000000000000000000000000000001809202500000000            000000000000000                              000                           
00100015         000028003455000000010808911980000000000000000000000000000000000000000000000000000000000000000000000000000000000000000000000000000                                                                                              
00199999         000001000030000000                                                                                                                                                            00000000000000000000000000000                    
