00100000         2115139610001160024778820014       01897X0000000092096 FUNDACAO AGENCIA DAS BACIAS HIBANCO DO BRASIL                         20807202502035000612703000000829973081PROCESSAMEN                                                 
00100011T0100020 20115139610001160024778820014       01897X0000000092096 FUNDACAO AGENCIA DAS BACIAS HI                                                                                000000000807202500000000  000000000                      
0010001300001T 0201897X0000000092096 24778829000008685   7000008685      29082025000000000029456001009296000008685                0900000000000010500000000000000000000000000000000000000   0000000000000000000000519A9A4      170192477882     
0010001300002U 020000000000000000000000000000000000000000000000000000000000000000000000000000000000000000000000000000000000000000000000000807202500000000            000000000000000                              000                           
0010001300003T 0201897X0000000092096 24778829000008686   7000008686      30092025000000000029456001009296000008686                0900000000000010500000000000000000000000000000000000000   0000000000000000000000519A9A4      170192477882     
0010001300004U 020000000000000000000000000000000000000000000000000000000000000000000000000000000000000000000000000000000000000000000000000807202500000000            000000000000000                              000                           
0010001300005T 0201897X0000000092096 24778829000008687   7000008687      31072025000000000080965001008117000008687                0900000000000010500000000000000000000000000000000000000   0000000000000000000000519A9A4      170192477882     
0010001300006U 020000000000000000000000000000000000000000000000000000000000000000000000000000000000000000000000000000000000000000000000000807202500000000            000000000000000                              000                           
0010001300007T 0201897X0000000092096 24778829000008688   7000008688      31072025000000000102017001001724000008688                0900000000000010500000000000000000000000000000000000000   0000000000000000000000519A9A4      170192477882     
0010001300008U 020000000000000000000000000000000000000000000000000000000000000000000000000000000000000000000000000000000000000000000000000807202500000000            000000000000000                              000                           
0010001300009T 0201897X0000000092096 24778829000008689   7000008689      31072025000000000157327001004561000008689                0900000000000010500000000000000000000000000000000000000   0000000000000000000000519A9A4      170192477882     
0010001300010U 020000000000000000000000000000000000000000000000000000000000000000000000000000000000000000000000000000000000000000000000000807202500000000            000000000000000                              000                           
0010001300011T 0601897X0000000092096 24778822500000002   700000000000000208072025000000017683699001022543000000002                0900000000000010040000000000000000000000000000000000000   000000000000000000000000034        170192477882     
0010001300012U 060000000000000000000000000000000000000000000000000000000000000000000176836990000000176836990000000000000000000000000000000807202509072025            000000000000000                              000                           
0010001300013T 0601897X0000000092096 24778822500000033   700000000000003311072025000000000407034341000090000000033                0900000000000010100000000000000000000000000000000000000   000000000000000000000000004        170192477882     
0010001300014U 060000000000000000000000000000000000000000000000000000000000000000000004070340000000004070340000000000000000000000000000000807202509072025            000000000000000                              000                           
0010001300015T 0601897X0000000092096 24778822500000118   700000000000011811072025000000000124173033022710000000118                0900000000000010100000000000000000000000000000000000000   000000000000000000000000004        170192477882     
0010001300016U 060000000000000000000000000000000000000000000000000000000000000000000001241730000000001241730000000000000000000000000000000807202509072025            000000000000000                              000                           
0010001300017T 0601897X0000000092096 24778822500000344   700000000000034408072025000000000036180341029760000000344                0900000000000010100000000000000000000000000000000000000   000000000000000000000000004        170192477882     
0010001300018U 060000000000000000000000000000000000000000000000000000000000000000000000361800000000000361800000000000000000000000000000000807202509072025            000000000000000                              000                           
0010001300019T 0601897X0000000092096 24778822500000513   700000000000051330062025000000000029277748051530000000513                0900000000000010100000000000000000000000000000000000000   000000000000000000000000004        170192477882     
0010001300020U 060000000000006630000000000000000000000000000000000000000000000000000000299400000000000299400000000000000000000000000000000807202509072025            000000000000000                              000                           
0010001300021T 0601897X0000000092096 24778822500001039   700000000000103911072025000000000029277341059550000001039                0900000000000010100000000000000000000000000000000000000   000000000000000000000000004        170192477882     
0010001300022U 060000000000000000000000000000000000000000000000000000000000000000000000292770000000000292770000000000000000000000000000000807202509072025            000000000000000                              000                           
0010001300023T 0601897X0000000092096 24778822500001142   700000000000114231072025000000000027243104041040000001142                0900000000000010100000000000000000000000000000000000000   000000000000000000000000004        170192477882     
0010001300024U 060000000000000000000000000000000000000000000000000000000000000000000000272430000000000272430000000000000000000000000000000807202509072025            000000000000000                              000                           
0010001300025T 0601897X0000000092096 24778822500001331   700000000000133130062025000000000022739274000010000001331                0900000000000010100000000000000000000000000000000000000   000000000000000000000000004        170192477882     
0010001300026U 060000000000005140000000000000000000000000000000000000000000000000000000232530000000000232530000000000000000000000000000000807202509072025            000000000000000                              000                           
0010001300027T 0601897X0000000092096 24778822500001546   700000000000154630062025000000000025993341006800000001546                0900000000000010100000000000000000000000000000000000000   000000000000000000000000004        170192477882     
0010001300028U 060000000000005880000000000000000000000000000000000000000000000000000000265810000000000265810000000000000000000000000000000807202509072025            000000000000000                              000                           
0010001300029T 0601897X0000000092096 24778822500002039   700000000000203931072025000000000023863237005200000002039                0900000000000010100000000000000000000000000000000000000   000000000000000000000000004        170192477882     
0010001300030U 060000000000000000000000000000000000000000000000000000000000000000000000238630000000000238630000000000000000000000000000000807202509072025            000000000000000                              000                           
0010001300031T 0601897X0000000092096 24778822500003407   700000000000340731072025000000002434213033002850000003407                0900000000000010100000000000000000000000000000000000000   000000000000000000000000004        170192477882     
0010001300032U 060000000000000000000000000000000000000000000000000000000000000000000024342130000000024342130000000000000000000000000000000807202509072025            000000000000000                              000                           
0010001300033T 0601897X0000000092096 24778822500003813   700000000000381331072025000000000284174033002850000003813                0900000000000010100000000000000000000000000000000000000   000000000000000000000000004        170192477882     
0010001300034U 060000000000000000000000000000000000000000000000000000000000000000000002841740000000002841740000000000000000000000000000000807202509072025            000000000000000                              000                           
0010001300035T 0601897X0000000092096 24778822500003890   700000000000389031072025000000000248815033002850000003890                0900000000000010100000000000000000000000000000000000000   000000000000000000000000004        170192477882     
0010001300036U 060000000000000000000000000000000000000000000000000000000000000000000002488150000000002488150000000000000000000000000000000807202509072025            000000000000000                              000                           
0010001300037T 0601897X0000000092096 24778822500005381   700000000000538131072025000000000059445033022710000005381                0900000000000010100000000000000000000000000000000000000   000000000000000000000000004        170192477882     
0010001300038U 060000000000000000000000000000000000000000000000000000000000000000000000594450000000000594450000000000000000000000000000000807202509072025            000000000000000                              000                           
0010001300039T 0601897X0000000092096 24778822500005382   700000000000538229082025000000000059445033022710000005382                0900000000000010100000000000000000000000000000000000000   000000000000000000000000004        170192477882     
0010001300040U 060000000000000000000000000000000000000000000000000000000000000000000000594450000000000594450000000000000000000000000000000807202509072025            000000000000000                              000                           
0010001300041T 0601897X0000000092096 24778822500005383   700000000000538330092025000000000059445033022710000005383                0900000000000010100000000000000000000000000000000000000   000000000000000000000000004        170192477882     
0010001300042U 060000000000000000000000000000000000000000000000000000000000000000000000594450000000000594450000000000000000000000000000000807202509072025            000000000000000                              000                           
0010001300043T 0601897X0000000092096 24778822500005384   700000000000538431102025000000000059445033022710000005384                0900000000000010100000000000000000000000000000000000000   000000000000000000000000004        170192477882     
0010001300044U 060000000000000000000000000000000000000000000000000000000000000000000000594450000000000594450000000000000000000000000000000807202509072025            000000000000000                              000                           
0010001300045T 0601897X0000000092096 24778822500005385   700000000000538528112025000000000059445033022710000005385                0900000000000010100000000000000000000000000000000000000   000000000000000000000000004        170192477882     
0010001300046U 060000000000000000000000000000000000000000000000000000000000000000000000594450000000000594450000000000000000000000000000000807202509072025            000000000000000                              000                           
0010001300047T 0601897X0000000092096 24778822500005386   700000000000538619122025000000000059445033022710000005386                0900000000000010100000000000000000000000000000000000000   000000000000000000000000004        170192477882     
0010001300048U 060000000000000000000000000000000000000000000000000000000000000000000000594450000000000594450000000000000000000000000000000807202509072025            000000000000000                              000                           
0010001300049T 0601897X0000000092096 24778829000008649   7000008649      08072025000000000040468341029760000008649                0900000000000010100000000000000000000000000000000000000   000000000000000000000000004        170192477882     
0010001300050U 060000000000000000000000000000000000000000000000000000000000000000000000404680000000000404680000000000000000000000000000000807202509072025            000000000000000                              000                           
0010001300051T 0601897X0000000092096 24778829000008679   7000008679      08072025000000000024662341048710000008679                0900000000000010100000000000000000000000000000000000000   000000000000000000000000004        170192477882     
0010001300052U 060000000000000000000000000000000000000000000000000000000000000000000000246620000000000246620000000000000000000000000000000807202509072025            000000000000000                              000                           
0010001300053T 1401897X0000000092096 24778822500000028   700000000000002811072025000000000461154001003409000000028                0900000000000000000000000000000000000000000000000000000   000000000000000000000000000        170192477882     
0010001300054U 140000000000000000000000000000000000000000000000000000000000000000000000000000000000000000000000000000000000000000000000000807202500000000            000000000000000                              000                           
0010001300055T 1401897X0000000092096 24778822500000060   700000000000006011072025000000000247391001003409000000060                0900000000000000000000000000000000000000000000000000000   000000000000000000000000000        170192477882     
0010001300056U 140000000000000000000000000000000000000000000000000000000000000000000000000000000000000000000000000000000000000000000000000807202500000000            000000000000000                              000                           
0010001300057T 1401897X0000000092096 24778822500001193   700000000000119311072025000000000025966001009296000001193                0900000000000000000000000000000000000000000000000000000   000000000000000000000000000        170192477882     
0010001300058U 140000000000000000000000000000000000000000000000000000000000000000000000000000000000000000000000000000000000000000000000000807202500000000            000000000000000                              000                           
0010001300059T 1401897X0000000092096 24778822500001269   700000000000126911072025000000000024153001004154000001269                0900000000000000000000000000000000000000000000000000000   000000000000000000000000000        170192477882     
0010001300060U 140000000000000000000000000000000000000000000000000000000000000000000000000000000000000000000000000000000000000000000000000807202500000000            000000000000000                              000                           
0010001300061T 1401897X0000000092096 24778822500002114   700000000000211411072025000000000022975001001724000002114                0900000000000000000000000000000000000000000000000000000   000000000000000000000000000        170192477882     
0010001300062U 140000000000000000000000000000000000000000000000000000000000000000000000000000000000000000000000000000000000000000000000000807202500000000            000000000000000                              000                           
0010001300063T 1401897X0000000092096 24778822500003854   700000000000385414072025000000000270050001001724000003854                0900000000000000000000000000000000000000000000000000000   000000000000000000000000000        170192477882     
0010001300064U 140000000000000000000000000000000000000000000000000000000000000000000000000000000000000000000000000000000000000000000000000807202500000000            000000000000000                              000                           
0010001300065T 1401897X0000000092096 24778822500006430   700000000000643011072025000000000035640001009946000006430                0900000000000000000000000000000000000000000000000000000   000000000000000000000000000        170192477882     
0010001300066U 140000000000000000000000000000000000000000000000000000000000000000000000000000000000000000000000000000000000000000000000000807202500000000            000000000000000                              000                           
0010001300067T 1401897X0000000092096 24778822500007445   700000000000744511072025000000000024684001008117000007445                0900000000000000000000000000000000000000000000000000000   000000000000000000000000000        170192477882     
0010001300068U 140000000000000000000000000000000000000000000000000000000000000000000000000000000000000000000000000000000000000000000000000807202500000000            000000000000000                              000                           
0010001300069T 1401897X0000000092096 24778829000008591   7000008591      11072025000000000021360001003018000008591                0900000000000000000000000000000000000000000000000000000   000000000000000000000000000        170192477882     
0010001300070U 140000000000000000000000000000000000000000000000000000000000000000000000000000000000000000000000000000000000000000000000000807202500000000            000000000000000                              000                           
00100015         000072006603000000018125906520000000000000000000000000000000000000000000000000000000000000000000000000000000000000000000000000000                                                                                              
00199999         000001000074000000                                                                                                                                                            00000000000000000000000000000                    
