00100000         2115139610001160024778820014       01897X0000000092096 FUNDACAO AGENCIA DAS BACIAS HIBANCO DO BRASIL                         21308202502022100617903000000829973081PROCESSAMEN                                                 
00100011T0100020 20115139610001160024778820014       01897X0000000092096 FUNDACAO AGENCIA DAS BACIAS HI                                                                                000000001308202500000000  000000000                      
0010001300001T 0201897X0000000092096 24778829000008765   7000008765      29082025000000000024792001003190000008765                0900000000000010000000000000000000000000000000000000000   0000000000000000000000519A9        170192477882     
0010001300002U 020000000000000000000000000000000000000000000000000000000000000000000000000000000000000000000000000000000000000000000000001308202500000000            000000000000000                              000                           
0010001300003T 0201897X0000000092096 24778829000008766   7000008766      29082025000000000019362001003190000008766                0900000000000010000000000000000000000000000000000000000   0000000000000000000000519A9        170192477882     
0010001300004U 020000000000000000000000000000000000000000000000000000000000000000000000000000000000000000000000000000000000000000000000001308202500000000            000000000000000                              000                           
0010001300005T 0601897X0000000092096 24778822500001080   700000000000108031072025000000000029277341018740000001080                0900000000000010100000000000000000000000000000000000000   000000000000000000000000004        170192477882     
0010001300006U 060000000000007110000000000000000000000000000000000000000000000000000000299880000000000299880000000000000000000000000000001308202514082025            000000000000000                              000                           
0010001300007T 0601897X0000000092096 24778822500001649   700000000000164931072025000000000024397341029040000001649                0900000000000010100000000000000000000000000000000000000   000000000000000000000000004        170192477882     
0010001300008U 060000000000005920000000000000000000000000000000000000000000000000000000249890000000000249890000000000000000000000000000001308202514082025            000000000000000                              000                           
0010001300009T 0601897X0000000092096 24778822500003105   700000000000310529082025000000000021079033035840000003105                0900000000000010100000000000000000000000000000000000000   000000000000000000000000004        170192477882     
0010001300010U 060000000000000000000000000000000000000000000000000000000000000000000000210790000000000210790000000000000000000000000000001308202514082025            000000000000000                              000                           
0010001300011T 0601897X0000000092096 24778822500003936   700000000000393628112025000000000226513237030410000003936                0900000000000010100000000000000000000000000000000000000   000000000000000000000000004        170192477882     
0010001300012U 060000000000000000000000000000000000000000000000000000000000000000000002265130000000002265130000000000000000000000000000001308202514082025            000000000000000                              000                           
0010001300013T 0601897X0000000092096 24778822500003937   700000000000393719122025000000000226513237030410000003937                0900000000000010100000000000000000000000000000000000000   000000000000000000000000004        170192477882     
0010001300014U 060000000000000000000000000000000000000000000000000000000000000000000002265130000000002265130000000000000000000000000000001308202514082025            000000000000000                              000                           
0010001300015T 0601897X0000000092096 24778822500004675   700000000000467529082025000000000093120755013060000004675                0900000000000010100000000000000000000000000000000000000   000000000000000000000000004        170192477882     
0010001300016U 060000000000000000000000000000000000000000000000000000000000000000000000931200000000000931200000000000000000000000000000001308202514082025            000000000000000                              000                           
0010001300017T 0601897X0000000092096 24778822500005326   700000000000532629082025000000000061248341009420000005326                0900000000000010100000000000000000000000000000000000000   000000000000000000000000004        170192477882     
0010001300018U 060000000000000000000000000000000000000000000000000000000000000000000000612480000000000612480000000000000000000000000000001308202514082025            000000000000000                              000                           
0010001300019T 0601897X0000000092096 24778822500007216   700000000000721629082025000000000027186033003920000007216                0900000000000010100000000000000000000000000000000000000   000000000000000000000000004        170192477882     
0010001300020U 060000000000000000000000000000000000000000000000000000000000000000000000271860000000000271860000000000000000000000000000001308202514082025            000000000000000                              000                           
0010001300021T 0601897X0000000092096 24778829000008762   7000008762      29082025000000000019654104002930000008762                0900000000000010100000000000000000000000000000000000000   000000000000000000000000004        170192477882     
0010001300022U 060000000000000000000000000000000000000000000000000000000000000000000000196540000000000196540000000000000000000000000000001308202514082025            000000000000000                              000                           
00100015         000024004637000000014459361800000000000000000000000000000000000000000000000000000000000000000000000000000000000000000000000000000                                                                                              
00199999         000001000026000000                                                                                                                                                            00000000000000000000000000000                    
