00100000         2115139610001160024778820014       01897X0000000092096 FUNDACAO AGENCIA DAS BACIAS HIBANCO DO BRASIL                         20201202502581400590103000000829973081PROCESSAMEN                                                 
00100011T0100020 20115139610001160024778820014       01897X0000000092096 FUNDACAO AGENCIA DAS BACIAS HI                                                                                000000000201202500000000  000000000                      
0010001300001T 0201897X0000000092096 24778829000008477   7000008477      31012025000000000339619001001724000008477                0900000000000010000000000000000000000000000000000000000   0000000000000000000000519A9        170192477882     
0010001300002U 020000000000000000000000000000000000000000000000000000000000000000000000000000000000000000000000000000000000000000000000000201202500000000            000000000000000                              000                           
0010001300003T 0601897X0000000092096 24778822400003501   700000000000350119122024000000000080239237031510000003501                0900000000000010100000000000000000000000000000000000000   000000000000000000000000004        170192477882     
0010001300004U 060000000000019780000000000000000000000000000000000000000000000000000000822170000000000822170000000000000000000000000000000201202503012025            000000000000000                              000                           
0010001300005T 0601897X0000000092096 24778829000008134   7000008134      31122024000000000057831633000010000008134                0900000000000010100000000000000000000000000000000000000   000000000000000000000000004        170192477882     
0010001300006U 060000000000000000000000000000000000000000000000000000000000000000000000578310000000000578310000000000000000000000000000000201202503012025            000000000000000                              000                           
0010001300007T 0601897X0000000092096 24778829000008418   7000008418      31122024000000000109376033001400000008418                0900000000000010100000000000000000000000000000000000000   000000000000000000000000004        170192477882     
0010001300008U 060000000000000000000000000000000000000000000000000000000000000000000001093760000000001093760000000000000000000000000000000201202503012025            000000000000000                              000                           
0010001300009T 0601897X0000000092096 24778829000008434   7000008434      31122024000000000113818341001640000008434                0900000000000010100000000000000000000000000000000000000   000000000000000000000000004        170192477882     
0010001300010U 060000000000000000000000000000000000000000000000000000000000000000000001138180000000001138180000000000000000000000000000000201202503012025            000000000000000                              000                           
0010001300011T 0601897X0000000092096 24778829000008447   7000008447      31122024000000000134004033038850000008447                0900000000000010100000000000000000000000000000000000000   000000000000000000000000004        170192477882     
0010001300012U 060000000000000000000000000000000000000000000000000000000000000000000001340040000000001340040000000000000000000000000000000201202503012025            000000000000000                              000                           
0010001300013T 0601897X0000000092096 24778829000008448   7000008448      31122024000000000389389237033670000008448                0900000000000010100000000000000000000000000000000000000   000000000000000000000000004        170192477882     
0010001300014U 060000000000000000000000000000000000000000000000000000000000000000000003893890000000003893890000000000000000000000000000000201202503012025            000000000000000                              000                           
0010001300015T 0601897X0000000092096 24778829000008450   7000008450      31122024000000000102568033033770000008450                0900000000000010100000000000000000000000000000000000000   000000000000000000000000004        170192477882     
0010001300016U 060000000000000000000000000000000000000000000000000000000000000000000001025680000000001025680000000000000000000000000000000201202503012025            000000000000000                              000                           
0010001300017T 0601897X0000000092096 24778829000008474   7000008474      31122024000000000051563341085490000008474                0900000000000010100000000000000000000000000000000000000   000000000000000000000000004        170192477882     
0010001300018U 060000000000000000000000000000000000000000000000000000000000000000000000515630000000000515630000000000000000000000000000000201202503012025            000000000000000                              000                           
00100015         000020000515000000001181548290000000000000000000000000000000000000000000000000000000000000000000000000000000000000000000000000000                                                                                              
00199999         000001000022000000                                                                                                                                                            00000000000000000000000000000                    
