00100000         2115139610001160024778820014       01897X0000000092096 FUNDACAO AGENCIA DAS BACIAS HIBANCO DO BRASIL                         22207202502022300614703000000829973081PROCESSAMEN                                                 
00100011T0100020 20115139610001160024778820014       01897X0000000092096 FUNDACAO AGENCIA DAS BACIAS HI                                                                                000000002207202500000000  000000000                      
0010001300001T 0601897X0000000092096 24778822500000077   700000000000007725072025000000000190165001032212000000077                0900000000000010090000000000000000000000000000000000000   000000000000000000000000006        170192477882     
0010001300002U 060000000000000000000000000000000000000000000000000000000000000000000001901650000000001901650000000000000000000000000000002207202523072025            000000000000000                              000                           
0010001300003T 0601897X0000000092096 24778822500000362   700000000000036230062025000000000035453001004561000000362                0900000000000010060000000000000000000000000000000000000   000000000000000000000000033        170192477882     
0010001300004U 060000000000009680000000000000000000000000000000000000000000000000000000364210000000000364210000000000000000000000000000002207202523072025            000000000000000                              000                           
0010001300005T 0601897X0000000092096 24778822500001124   700000000000112431072025000000000027619341015780000001124                0900000000000010100000000000000000000000000000000000000   000000000000000000000000004        170192477882     
0010001300006U 060000000000000000000000000000000000000000000000000000000000000000000000276190000000000276190000000000000000000000000000002207202523072025            000000000000000                              000                           
0010001300007T 0601897X0000000092096 24778822500001422   700000000000142231072025000000000021909748051530000001422                0900000000000010100000000000000000000000000000000000000   000000000000000000000000004        170192477882     
0010001300008U 060000000000000000000000000000000000000000000000000000000000000000000000219090000000000219090000000000000000000000000000002207202523072025            000000000000000                              000                           
0010001300009T 0601897X0000000092096 24778822500001538   700000000000153831072025000000000026349104039660000001538                0900000000000010100000000000000000000000000000000000000   000000000000000000000000004        170192477882     
0010001300010U 060000000000000000000000000000000000000000000000000000000000000000000000263490000000000263490000000000000000000000000000002207202523072025            000000000000000                              000                           
0010001300011T 0601897X0000000092096 24778822500002331   700000000000233131072025000000000021105341000190000002331                0900000000000010100000000000000000000000000000000000000   000000000000000000000000004        170192477882     
0010001300012U 060000000000000000000000000000000000000000000000000000000000000000000000211050000000000211050000000000000000000000000000002207202523072025            000000000000000                              000                           
0010001300013T 0601897X0000000092096 24778822500003652   700000000000365231072025000000000557629745000010000003652                0900000000000010100000000000000000000000000000000000000   000000000000000000000000004        170192477882     
0010001300014U 060000000000000000000000000000000000000000000000000000000000000000000005576290000000005576290000000000000000000000000000002207202523072025            000000000000000                              000                           
0010001300015T 0601897X0000000092096 24778822500003707   700000000000370725072025000000000389886237023720000003707                0900000000000010100000000000000000000000000000000000000   000000000000000000000000004        170192477882     
0010001300016U 060000000000000000000000000000000000000000000000000000000000000000000003898860000000003898860000000000000000000000000000002207202523072025            000000000000000                              000                           
0010001300017T 0601897X0000000092096 24778822500004961   700000000000496131072025000000000075379341001360000004961                0900000000000010100000000000000000000000000000000000000   000000000000000000000000004        170192477882     
0010001300018U 060000000000000000000000000000000000000000000000000000000000000000000000753790000000000753790000000000000000000000000000002207202523072025            000000000000000                              000                           
0010001300019T 0601897X0000000092096 24778822500006508   700000000000650831072025000000000034212033005750000006508                0900000000000010100000000000000000000000000000000000000   000000000000000000000000004        170192477882     
0010001300020U 060000000000000000000000000000000000000000000000000000000000000000000000342120000000000342120000000000000000000000000000002207202523072025            000000000000000                              000                           
0010001300021T 0601897X0000000092096 24778822500006844   700000000000684431072025000000000031368237002140000006844                0900000000000010100000000000000000000000000000000000000   000000000000000000000000004        170192477882     
0010001300022U 060000000000000000000000000000000000000000000000000000000000000000000000313680000000000313680000000000000000000000000000002207202523072025            000000000000000                              000                           
0010001300023T 0601897X0000000092096 24778822500006927   700000000000692725072025000000000030593341000280000006927                0900000000000010100000000000000000000000000000000000000   000000000000000000000000004        170192477882     
0010001300024U 060000000000000000000000000000000000000000000000000000000000000000000000305930000000000305930000000000000000000000000000002207202523072025            000000000000000                              000                           
0010001300025T 0601897X0000000092096 24778822500007761   700000000000776131072025000000000021770341000110000007761                0900000000000010100000000000000000000000000000000000000   000000000000000000000000004        170192477882     
0010001300026U 060000000000000000000000000000000000000000000000000000000000000000000000217700000000000217700000000000000000000000000000002207202523072025            000000000000000                              000                           
0010001300027T 0601897X0000000092096 24778822500007795   700000000000779530062025000000000021069001019127000007795                0900000000000010040000000000000000000000000000000000000   000000000000000000000000034        170192477882     
0010001300028U 060000000000005750000000000000000000000000000000000000000000000000000000216440000000000216440000000000000000000000000000002207202523072025            000000000000000                              000                           
0010001300029T 0601897X0000000092096 24778822500007796   700000000000779631072025000000000021071001019127000007796                0900000000000010040000000000000000000000000000000000000   000000000000000000000000034        170192477882     
0010001300030U 060000000000000000000000000000000000000000000000000000000000000000000000210710000000000210710000000000000000000000000000002207202523072025            000000000000000                              000                           
0010001300031T 0601897X0000000092096 24778822500007797   700000000000779729082025000000000021071001019127000007797                0900000000000010040000000000000000000000000000000000000   000000000000000000000000034        170192477882     
0010001300032U 060000000000000000000000000000000000000000000000000000000000000000000000210710000000000210710000000000000000000000000000002207202523072025            000000000000000                              000                           
0010001300033T 0601897X0000000092096 24778822500007798   700000000000779830092025000000000021071001019127000007798                0900000000000010040000000000000000000000000000000000000   000000000000000000000000034        170192477882     
0010001300034U 060000000000000000000000000000000000000000000000000000000000000000000000210710000000000210710000000000000000000000000000002207202523072025            000000000000000                              000                           
0010001300035T 0601897X0000000092096 24778822500007799   700000000000779931102025000000000021071001019127000007799                0900000000000010040000000000000000000000000000000000000   000000000000000000000000034        170192477882     
0010001300036U 060000000000000000000000000000000000000000000000000000000000000000000000210710000000000210710000000000000000000000000000002207202523072025            000000000000000                              000                           
0010001300037T 0601897X0000000092096 24778822500007800   700000000000780028112025000000000021071001019127000007800                0900000000000010040000000000000000000000000000000000000   000000000000000000000000034        170192477882     
0010001300038U 060000000000000000000000000000000000000000000000000000000000000000000000210710000000000210710000000000000000000000000000002207202523072025            000000000000000                              000                           
0010001300039T 0601897X0000000092096 24778822500007801   700000000000780119122025000000000021071001019127000007801                0900000000000010040000000000000000000000000000000000000   000000000000000000000000034        170192477882     
0010001300040U 060000000000000000000000000000000000000000000000000000000000000000000000210710000000000210710000000000000000000000000000002207202523072025            000000000000000                              000                           
0010001300041T 0901897X0000000092096 24778829000008578   7000008578      30062025000000000067060001022004000008578                0900000000000000000000000000000000000000000000000000000   000000000000000000000039010        170192477882     
0010001300042U 090000000000000000000000000000000000000000000000000000000000000000000000000000000000000000000000000000000000000000000000002207202500000000            000000000000000                              000                           
0010001300043T 0901897X0000000092096 24778829000008579   7000008579      31072025000000000067060001022004000008579                0900000000000000000000000000000000000000000000000000000   000000000000000000000039010        170192477882     
0010001300044U 090000000000000000000000000000000000000000000000000000000000000000000000000000000000000000000000000000000000000000000000002207202500000000            000000000000000                              000                           
0010001300045T 0901897X0000000092096 24778829000008580   7000008580      29082025000000000067060001022004000008580                0900000000000000000000000000000000000000000000000000000   000000000000000000000039010        170192477882     
0010001300046U 090000000000000000000000000000000000000000000000000000000000000000000000000000000000000000000000000000000000000000000000002207202500000000            000000000000000                              000                           
0010001300047T 0901897X0000000092096 24778829000008581   7000008581      30092025000000000067060001022004000008581                0900000000000000000000000000000000000000000000000000000   000000000000000000000039010        170192477882     
0010001300048U 090000000000000000000000000000000000000000000000000000000000000000000000000000000000000000000000000000000000000000000000002207202500000000            000000000000000                              000                           
0010001300049T 1401897X0000000092096 24778822500000047   700000000000004731072025000000000303567001069833000000047                0900000000000000000000000000000000000000000000000000000   000000000000000000000000000        170192477882     
0010001300050U 140000000000000000000000000000000000000000000000000000000000000000000000000000000000000000000000000000000000000000000000002207202500000000            000000000000000                              000                           
0010001300051T 1401897X0000000092096 24778822500000241   700000000000024131072025000000000048811001000566000000241                0900000000000000000000000000000000000000000000000000000   000000000000000000000000000        170192477882     
0010001300052U 140000000000000000000000000000000000000000000000000000000000000000000000000000000000000000000000000000000000000000000000002207202500000000            000000000000000                              000                           
0010001300053T 1401897X0000000092096 24778822500001337   700000000000133725072025000000000022489001003190000001337                0900000000000000000000000000000000000000000000000000000   000000000000000000000000000        170192477882     
0010001300054U 140000000000000000000000000000000000000000000000000000000000000000000000000000000000000000000000000000000000000000000000002207202500000000            000000000000000                              000                           
0010001300055T 1401897X0000000092096 24778822500001338   700000000000133815082025000000000022490001003190000001338                0900000000000000000000000000000000000000000000000000000   000000000000000000000000000        170192477882     
0010001300056U 140000000000000000000000000000000000000000000000000000000000000000000000000000000000000000000000000000000000000000000000002207202500000000            000000000000000                              000                           
0010001300057T 1401897X0000000092096 24778822500007011   700000000000701125072025000000000029718001001724000007011                0900000000000000000000000000000000000000000000000000000   000000000000000000000000000        170192477882     
0010001300058U 140000000000000000000000000000000000000000000000000000000000000000000000000000000000000000000000000000000000000000000000002207202500000000            000000000000000                              000                           
0010001300059T 1401897X0000000092096 24778829000008622   7000008622      31072025000000000447922001069833000008622                0900000000000000000000000000000000000000000000000000000   000000000000000000000000000        170192477882     
0010001300060U 140000000000000000000000000000000000000000000000000000000000000000000000000000000000000000000000000000000000000000000000002207202500000000            000000000000000                              000                           
0010001300061T 1401897X0000000092096 24778829000008652   7000008652      31072025000000000237397001069833000008652                0900000000000000000000000000000000000000000000000000000   000000000000000000000000000        170192477882     
0010001300062U 140000000000000000000000000000000000000000000000000000000000000000000000000000000000000000000000000000000000000000000000002207202500000000            000000000000000                              000                           
00100015         000064006390000000017136486680000000000000000000000000000000000000000000000000000000000000000000000000000000000000000000000000000                                                                                              
00199999         000001000066000000                                                                                                                                                            00000000000000000000000000000                    
