00100000         2115139610001160024778820014       01897X0000000092096 FUNDACAO AGENCIA DAS BACIAS HIBANCO DO BRASIL                         22208202502012300619303000000829973081PROCESSAMEN                                                 
00100011T0100020 20115139610001160024778820014       01897X0000000092096 FUNDACAO AGENCIA DAS BACIAS HI                                                                                000000002208202500000000  000000000                      
0010001300001T 0201897X0000000092096 24778829000008785   7000008785      29082025000000000162662001024171000008785                0900000000000010500000000000000000000000000000000000000   0000000000000000000000519A9A4      170192477882     
0010001300002U 020000000000000000000000000000000000000000000000000000000000000000000000000000000000000000000000000000000000000000000000002208202500000000            000000000000000                              000                           
0010001300003T 0201897X0000000092096 24778829000008786   7000008786      30092025000000000151988001009296000008786                0900000000000010000000000000000000000000000000000000000   0000000000000000000000519A9        170192477882     
0010001300004U 020000000000000000000000000000000000000000000000000000000000000000000000000000000000000000000000000000000000000000000000002208202500000000            000000000000000                              000                           
0010001300005T 0201897X0000000092096 24778829000008787   7000008787      30092025000000000243033001003409000008787                0900000000000010000000000000000000000000000000000000000   0000000000000000000000519A9        170192477882     
0010001300006U 020000000000000000000000000000000000000000000000000000000000000000000000000000000000000000000000000000000000000000000000002208202500000000            000000000000000                              000                           
0010001300007T 0201897X0000000092096 24778829000008788   7000008788      30092025000000000144605001024538000008788                0900000000000010500000000000000000000000000000000000000   0000000000000000000000519A9A4      170192477882     
0010001300008U 020000000000000000000000000000000000000000000000000000000000000000000000000000000000000000000000000000000000000000000000002208202500000000            000000000000000                              000                           
0010001300009T 0201897X0000000092096 24778829000008789   7000008789      30092025000000000047904001003409000008789                0900000000000010000000000000000000000000000000000000000   0000000000000000000000519A9        170192477882     
0010001300010U 020000000000000000000000000000000000000000000000000000000000000000000000000000000000000000000000000000000000000000000000002208202500000000            000000000000000                              000                           
0010001300011T 0201897X0000000092096 24778829000008790   7000008790      30092025000000000338437001000094000008790                0900000000000010000000000000000000000000000000000000000   0000000000000000000000519A9        170192477882     
0010001300012U 020000000000000000000000000000000000000000000000000000000000000000000000000000000000000000000000000000000000000000000000002208202500000000            000000000000000                              000                           
0010001300013T 0601897X0000000092096 24778822500002412   700000000000241229082025000000000020252033000900000002412                0900000000000010100000000000000000000000000000000000000   000000000000000000000000004        170192477882     
0010001300014U 060000000000000000000000000000000000000000000000000000000000000000000000202520000000000202520000000000000000000000000000002208202525082025            000000000000000                              000                           
0010001300015T 0601897X0000000092096 24778822500003237   700000000000323729082025000000000020113341002770000003237                0900000000000010100000000000000000000000000000000000000   000000000000000000000000004        170192477882     
0010001300016U 060000000000000000000000000000000000000000000000000000000000000000000000201130000000000201130000000000000000000000000000002208202525082025            000000000000000                              000                           
0010001300017T 0601897X0000000092096 24778822500003961   700000000000396129082025000000000222634745000040000003961                0900000000000010100000000000000000000000000000000000000   000000000000000000000000004        170192477882     
0010001300018U 060000000000000000000000000000000000000000000000000000000000000000000002226340000000002226340000000000000000000000000000002208202525082025            000000000000000                              000                           
0010001300019T 0601897X0000000092096 24778822500004472   700000000000447229082025000000000113141341011450000004472                0900000000000010100000000000000000000000000000000000000   000000000000000000000000004        170192477882     
0010001300020U 060000000000000000000000000000000000000000000000000000000000000000000001131410000000001131410000000000000000000000000000002208202525082025            000000000000000                              000                           
0010001300021T 0601897X0000000092096 24778822500004955   700000000000495529082025000000000075656341000090000004955                0900000000000010100000000000000000000000000000000000000   000000000000000000000000004        170192477882     
0010001300022U 060000000000000000000000000000000000000000000000000000000000000000000000756560000000000756560000000000000000000000000000002208202525082025            000000000000000                              000                           
0010001300023T 0601897X0000000092096 24778822500006236   700000000000623629082025000000000038143745000010000006236                0900000000000010100000000000000000000000000000000000000   000000000000000000000000004        170192477882     
0010001300024U 060000000000000000000000000000000000000000000000000000000000000000000000381430000000000381430000000000000000000000000000002208202525082025            000000000000000                              000                           
0010001300025T 0601897X0000000092096 24778822500006460   700000000000646029082025000000000035341748050300000006460                0900000000000010100000000000000000000000000000000000000   000000000000000000000000004        170192477882     
0010001300026U 060000000000000000000000000000000000000000000000000000000000000000000000353410000000000353410000000000000000000000000000002208202525082025            000000000000000                              000                           
0010001300027T 0601897X0000000092096 24778822500006628   700000000000662829082025000000000033459104029770000006628                0900000000000010100000000000000000000000000000000000000   000000000000000000000000004        170192477882     
0010001300028U 060000000000000000000000000000000000000000000000000000000000000000000000334590000000000334590000000000000000000000000000002208202525082025            000000000000000                              000                           
0010001300029T 0601897X0000000092096 24778822500006809   700000000000680931072025000000000031800237033670000006809                0900000000000010100000000000000000000000000000000000000   000000000000000000000000004        170192477882     
0010001300030U 060000000000008690000000000000000000000000000000000000000000000000000000326690000000000326690000000000000000000000000000002208202525082025            000000000000000                              000                           
0010001300031T 0601897X0000000092096 24778822500007111   700000000000711129082025000000000028965104002780000007111                0900000000000010100000000000000000000000000000000000000   000000000000000000000000004        170192477882     
0010001300032U 060000000000000000000000000000000000000000000000000000000000000000000000289650000000000289650000000000000000000000000000002208202525082025            000000000000000                              000                           
0010001300033T 0601897X0000000092096 24778829000008775   7000008775      29082025000000000069285104029770000008775                0900000000000010100000000000000000000000000000000000000   000000000000000000000000004        170192477882     
0010001300034U 060000000000000000000000000000000000000000000000000000000000000000000000692850000000000692850000000000000000000000000000002208202525082025            000000000000000                              000                           
00100015         000036004598000000013730689980000000000000000000000000000000000000000000000000000000000000000000000000000000000000000000000000000                                                                                              
00199999         000001000038000000                                                                                                                                                            00000000000000000000000000000                    
