00100000         2115139610001160024778820014       01897X0000000092096 FUNDACAO AGENCIA DAS BACIAS HIBANCO DO BRASIL                         21007202501511500613103000000829973081PROCESSAMEN                                                 
00100011T0100020 20115139610001160024778820014       01897X0000000092096 FUNDACAO AGENCIA DAS BACIAS HI                                                                                000000001007202500000000  000000000                      
0010001300001T 0201897X0000000092096 24778829000008690   7000008690      1607202500000000010421500101849X000008690                0900000000000010000000000000000000000000000000000000000   0000000000000000000000519A9        170192477882     
0010001300002U 020000000000000000000000000000000000000000000000000000000000000000000000000000000000000000000000000000000000000000000000001007202500000000            000000000000000                              000                           
0010001300003T 0201897X0000000092096 24778829000008691   7000008691      31072025000000001196168001009946000008691                0900000000000010000000000000000000000000000000000000000   0000000000000000000000519A9        170192477882     
0010001300004U 020000000000000000000000000000000000000000000000000000000000000000000000000000000000000000000000000000000000000000000000001007202500000000            000000000000000                              000                           
0010001300005T 0201897X0000000092096 24778829000008692   7000008692      31072025000000001613505001009296000008692                0900000000000010500000000000000000000000000000000000000   0000000000000000000000519A9A4      170192477882     
0010001300006U 020000000000000000000000000000000000000000000000000000000000000000000000000000000000000000000000000000000000000000000000001007202500000000            000000000000000                              000                           
0010001300007T 0201897X0000000092096 24778829000008693   7000008693      31072025000000000027597001004278000008693                0900000000000010000000000000000000000000000000000000000   0000000000000000000000519A9        170192477882     
0010001300008U 020000000000000000000000000000000000000000000000000000000000000000000000000000000000000000000000000000000000000000000000001007202500000000            000000000000000                              000                           
0010001300009T 0201897X0000000092096 24778829000008694   7000008694      31072025000000000032986001003018000008694                0900000000000010500000000000000000000000000000000000000   0000000000000000000000519A9A4      170192477882     
0010001300010U 020000000000000000000000000000000000000000000000000000000000000000000000000000000000000000000000000000000000000000000000001007202500000000            000000000000000                              000                           
0010001300011T 0601897X0000000092096 24778822500000059   70000000000000591107202500000000024800700101897X000000059                0900000000000010090000000000000000000000000000000000000   000000000000000000000000006        170192477882     
0010001300012U 060000000000000000000000000000000000000000000000000000000000000000000002480070000000002480070000000000000000000000000000001007202511072025            000000000000000                              000                           
0010001300013T 0601897X0000000092096 24778822500000197   700000000000019711072025000000000065873755013060000000197                0900000000000010100000000000000000000000000000000000000   000000000000000000000000004        170192477882     
0010001300014U 060000000000000000000000000000000000000000000000000000000000000000000000658730000000000658730000000000000000000000000000001007202511072025            000000000000000                              000                           
0010001300015T 0601897X0000000092096 24778822500000374   700000000000037411072025000000000035132237004530000000374                0900000000000010100000000000000000000000000000000000000   000000000000000000000000004        170192477882     
0010001300016U 060000000000000000000000000000000000000000000000000000000000000000000000351320000000000351320000000000000000000000000000001007202511072025            000000000000000                              000                           
0010001300017T 0601897X0000000092096 24778822500000394   700000000000039430062025000000000033856237033710000000394                0900000000000010100000000000000000000000000000000000000   000000000000000000000000004        170192477882     
0010001300018U 060000000000007890000000000000000000000000000000000000000000000000000000346450000000000346450000000000000000000000000000001007202511072025            000000000000000                              000                           
0010001300019T 0601897X0000000092096 24778822500000407   700000000000040730062025000000000033199237004160000000407                0900000000000010100000000000000000000000000000000000000   000000000000000000000000004        170192477882     
0010001300020U 060000000000007730000000000000000000000000000000000000000000000000000000339720000000000339720000000000000000000000000000001007202511072025            000000000000000                              000                           
0010001300021T 0601897X0000000092096 24778822500000548   700000000000054830062025000000000028105033030640000000548                0900000000000010100000000000000000000000000000000000000   000000000000000000000000004        170192477882     
0010001300022U 060000000000006550000000000000000000000000000000000000000000000000000000287600000000000287600000000000000000000000000000001007202511072025            000000000000000                              000                           
0010001300023T 0601897X0000000092096 24778822500001071   700000000000107104072025000000000029276341078900000001071                0900000000000010100000000000000000000000000000000000000   000000000000000000000000004        170192477882     
0010001300024U 060000000000006430000000000000000000000000000000000000000000000000000000299190000000000299190000000000000000000000000000001007202511072025            000000000000000                              000                           
0010001300025T 0601897X0000000092096 24778822500001151   700000000000115110072025000000000026927341014460000001151                0900000000000010100000000000000000000000000000000000000   000000000000000000000000004        170192477882     
0010001300026U 060000000000000000000000000000000000000000000000000000000000000000000000269270000000000269270000000000000000000000000000001007202511072025            000000000000000                              000                           
0010001300027T 0601897X0000000092096 24778822500001503   700000000000150330062025000000000020474104001990000001503                0900000000000010100000000000000000000000000000000000000   000000000000000000000000004        170192477882     
0010001300028U 060000000000004770000000000000000000000000000000000000000000000000000000209510000000000209510000000000000000000000000000001007202511072025            000000000000000                              000                           
0010001300029T 0601897X0000000092096 24778822500001535   700000000000153531072025000000000026349033005630000001535                0900000000000010100000000000000000000000000000000000000   000000000000000000000000004        170192477882     
0010001300030U 060000000000000000000000000000000000000000000000000000000000000000000000263490000000000263490000000000000000000000000000001007202511072025            000000000000000                              000                           
0010001300031T 0601897X0000000092096 24778822500001618   700000000000161830062025000000000024477341005600000001618                0900000000000010100000000000000000000000000000000000000   000000000000000000000000004        170192477882     
0010001300032U 060000000000005700000000000000000000000000000000000000000000000000000000250470000000000250470000000000000000000000000000001007202511072025            000000000000000                              000                           
0010001300033T 0601897X0000000092096 24778822500001717   700000000000171711072025000000000023777033005450000001717                0900000000000010100000000000000000000000000000000000000   000000000000000000000000004        170192477882     
0010001300034U 060000000000000000000000000000000000000000000000000000000000000000000000237770000000000237770000000000000000000000000000001007202511072025            000000000000000                              000                           
0010001300035T 0601897X0000000092096 24778822500001753   700000000000175311072025000000000023368748053590000001753                0900000000000010100000000000000000000000000000000000000   000000000000000000000000004        170192477882     
0010001300036U 060000000000000000000000000000000000000000000000000000000000000000000000233680000000000233680000000000000000000000000000001007202511072025            000000000000000                              000                           
0010001300037T 0601897X0000000092096 24778822500001819   700000000000181911072025000000000022445341023500000001819                0900000000000010100000000000000000000000000000000000000   000000000000000000000000004        170192477882     
0010001300038U 060000000000000000000000000000000000000000000000000000000000000000000000224450000000000224450000000000000000000000000000001007202511072025            000000000000000                              000                           
0010001300039T 0601897X0000000092096 24778822500002723   700000000000272330062025000000000020493033000100000002723                0900000000000010100000000000000000000000000000000000000   000000000000000000000000004        170192477882     
0010001300040U 060000000000004770000000000000000000000000000000000000000000000000000000209700000000000209700000000000000000000000000000001007202511072025            000000000000000                              000                           
0010001300041T 0601897X0000000092096 24778822500003211   700000000000321104072025000000000020220756077970000003211                0900000000000010100000000000000000000000000000000000000   000000000000000000000000004        170192477882     
0010001300042U 060000000000004440000000000000000000000000000000000000000000000000000000206640000000000206640000000000000000000000000000001007202511072025            000000000000000                              000                           
0010001300043T 0601897X0000000092096 24778822500003260   700000000000326031072025000000054920628001030708000003260                0900000000000010090000000000000000000000000000000000000   000000000000000000000000006        170192477882     
0010001300044U 060000000000000000000000000000000000000000000000000000000000000000000549206280000000549206280000000000000000000000000000001007202511072025            000000000000000                              000                           
0010001300045T 0601897X0000000092096 24778822500003280   700000000000328010072025000000010172735104003410000003280                0900000000000010100000000000000000000000000000000000000   000000000000000000000000004        170192477882     
0010001300046U 060000000000000000000000000000000000000000000000000000000000000000000101727350000000101727350000000000000000000000000000001007202511072025            000000000000000                              000                           
0010001300047T 0601897X0000000092096 24778822500003441   700000000000344130062025000000001971121001045276000003441                0900000000000010040000000000000000000000000000000000000   000000000000000000000000034        170192477882     
0010001300048U 060000000000459850000000000000000000000000000000000000000000000000000020171060000000020171060000000000000000000000000000001007202511072025            000000000000000                              000                           
0010001300049T 0601897X0000000092096 24778822500003742   700000000000374230062025000000000367875341005600000003742                0900000000000010100000000000000000000000000000000000000   000000000000000000000000004        170192477882     
0010001300050U 060000000000085830000000000000000000000000000000000000000000000000000003764580000000003764580000000000000000000000000000001007202511072025            000000000000000                              000                           
0010001300051T 0601897X0000000092096 24778822500003882   700000000000388230062025000000000250776341005600000003882                0900000000000010100000000000000000000000000000000000000   000000000000000000000000004        170192477882     
0010001300052U 060000000000058500000000000000000000000000000000000000000000000000000002566260000000002566260000000000000000000000000000001007202511072025            000000000000000                              000                           
0010001300053T 0601897X0000000092096 24778822500004617   700000000000461711072025000000000099123755013060000004617                0900000000000010100000000000000000000000000000000000000   000000000000000000000000004        170192477882     
0010001300054U 060000000000000000000000000000000000000000000000000000000000000000000000991230000000000991230000000000000000000000000000001007202511072025            000000000000000                              000                           
0010001300055T 0601897X0000000092096 24778822500004652   700000000000465211072025000000000095673748053590000004652                0900000000000010100000000000000000000000000000000000000   000000000000000000000000004        170192477882     
0010001300056U 060000000000000000000000000000000000000000000000000000000000000000000000956730000000000956730000000000000000000000000000001007202511072025            000000000000000                              000                           
0010001300057T 0601897X0000000092096 24778822500006675   700000000000667511072025000000000033148104029680000006675                0900000000000010100000000000000000000000000000000000000   000000000000000000000000004        170192477882     
0010001300058U 060000000000000000000000000000000000000000000000000000000000000000000000331480000000000331480000000000000000000000000000001007202511072025            000000000000000                              000                           
0010001300059T 0601897X0000000092096 24778822500007431   700000000000743130062025000000000024862104047920000007431                0900000000000010100000000000000000000000000000000000000   000000000000000000000000004        170192477882     
0010001300060U 060000000000005790000000000000000000000000000000000000000000000000000000254410000000000254410000000000000000000000000000001007202511072025            000000000000000                              000                           
0010001300061T 0601897X0000000092096 24778822500007432   700000000000743231072025000000000024863104047920000007432                0900000000000010100000000000000000000000000000000000000   000000000000000000000000004        170192477882     
0010001300062U 060000000000000000000000000000000000000000000000000000000000000000000000248630000000000248630000000000000000000000000000001007202511072025            000000000000000                              000                           
0010001300063T 0601897X0000000092096 24778822500008061   700000000000806111072025000000000020060033031780000008061                0900000000000010100000000000000000000000000000000000000   000000000000000000000000004        170192477882     
0010001300064U 060000000000000000000000000000000000000000000000000000000000000000000000200600000000000200600000000000000000000000000000001007202511072025            000000000000000                              000                           
0010001300065T 0601897X0000000092096 24778829000008591   7000008591      11072025000000000021360422001150000008591                0900000000000010100000000000000000000000000000000000000   000000000000000000000000004        170192477882     
0010001300066U 060000000000000000000000000000000000000000000000000000000000000000000000213600000000000213600000000000000000000000000000001007202511072025            000000000000000                              000                           
0010001300067T 0601897X0000000092096 24778829000008678   7000008678      11072025000000000105517341000090000008678                0900000000000010100000000000000000000000000000000000000   000000000000000000000000004        170192477882     
0010001300068U 060000000000000000000000000000000000000000000000000000000000000000000001055170000000001055170000000000000000000000000000001007202511072025            000000000000000                              000                           
0010001300069T 0601897X0000000092096 24778829000008683   7000008683      14072025000000001113165341009120000008683                0900000000000010100000000000000000000000000000000000000   000000000000000000000000004        170192477882     
0010001300070U 060000000000000000000000000000000000000000000000000000000000000000000011131650000000011131650000000000000000000000000000001007202511072025            000000000000000                              000                           
0010001300071T 0901897X0000000092096 24778822500000145   70000000000001450407202500000000010164200101849X000000145                0900000000000000000000000000000000000000000000000000000   000000000000000000000039010        170192477882     
0010001300072U 090000000000000000000000000000000000000000000000000000000000000000000000000000000000000000000000000000000000000000000000001007202500000000            000000000000000                              000                           
0010001300073T 0901897X0000000092096 24778822500003924   700000000000392404072025000000000229508001009296000003924                0900000000000000000000000000000000000000000000000000000   000000000000000000000039010        170192477882     
0010001300074U 090000000000000000000000000000000000000000000000000000000000000000000000000000000000000000000000000000000000000000000000001007202500000000            000000000000000                              000                           
0010001300075T 0901897X0000000092096 24778822500003925   700000000000392531072025000000000229511001009296000003925                0900000000000000000000000000000000000000000000000000000   000000000000000000000039010        170192477882     
0010001300076U 090000000000000000000000000000000000000000000000000000000000000000000000000000000000000000000000000000000000000000000000001007202500000000            000000000000000                              000                           
0010001300077T 0901897X0000000092096 24778822500003926   700000000000392629082025000000000229511001009296000003926                0900000000000000000000000000000000000000000000000000000   000000000000000000000039010        170192477882     
0010001300078U 090000000000000000000000000000000000000000000000000000000000000000000000000000000000000000000000000000000000000000000000001007202500000000            000000000000000                              000                           
0010001300079T 0901897X0000000092096 24778822500003927   700000000000392730092025000000000229511001009296000003927                0900000000000000000000000000000000000000000000000000000   000000000000000000000039010        170192477882     
0010001300080U 090000000000000000000000000000000000000000000000000000000000000000000000000000000000000000000000000000000000000000000000001007202500000000            000000000000000                              000                           
0010001300081T 0901897X0000000092096 24778822500003928   700000000000392831102025000000000229511001009296000003928                0900000000000000000000000000000000000000000000000000000   000000000000000000000039010        170192477882     
0010001300082U 090000000000000000000000000000000000000000000000000000000000000000000000000000000000000000000000000000000000000000000000001007202500000000            000000000000000                              000                           
0010001300083T 0901897X0000000092096 24778822500003929   700000000000392928112025000000000229511001009296000003929                0900000000000000000000000000000000000000000000000000000   000000000000000000000039010        170192477882     
0010001300084U 090000000000000000000000000000000000000000000000000000000000000000000000000000000000000000000000000000000000000000000000001007202500000000            000000000000000                              000                           
0010001300085T 0901897X0000000092096 24778822500003930   700000000000393019122025000000000229511001009296000003930                0900000000000000000000000000000000000000000000000000000   000000000000000000000039010        170192477882     
0010001300086U 090000000000000000000000000000000000000000000000000000000000000000000000000000000000000000000000000000000000000000000000001007202500000000            000000000000000                              000                           
0010001300087T 1401897X0000000092096 24778822500000036   700000000000003611072025000000000370595001020125000000036                0900000000000000000000000000000000000000000000000000000   000000000000000000000000000        170192477882     
0010001300088U 140000000000000000000000000000000000000000000000000000000000000000000000000000000000000000000000000000000000000000000000001007202500000000            000000000000000                              000                           
0010001300089T 1401897X0000000092096 24778822500000121   70000000000001211607202500000000012097600101849X000000121                0900000000000000000000000000000000000000000000000000000   000000000000000000000000000        170192477882     
0010001300090U 140000000000000000000000000000000000000000000000000000000000000000000000000000000000000000000000000000000000000000000000001007202500000000            000000000000000                              000                           
0010001300091T 1401897X0000000092096 24778822500000210   700000000000021011072025000000000059551001003417000000210                0900000000000000000000000000000000000000000000000000000   000000000000000000000000000        170192477882     
0010001300092U 140000000000000000000000000000000000000000000000000000000000000000000000000000000000000000000000000000000000000000000000001007202500000000            000000000000000                              000                           
0010001300093T 1401897X0000000092096 24778822500000325   700000000000032514072025000000000036740001004154000000325                0900000000000000000000000000000000000000000000000000000   000000000000000000000000000        170192477882     
0010001300094U 140000000000000000000000000000000000000000000000000000000000000000000000000000000000000000000000000000000000000000000000001007202500000000            000000000000000                              000                           
0010001300095T 1401897X0000000092096 24778822500000660   700000000000066011072025000000000024494001004278000000660                0900000000000000000000000000000000000000000000000000000   000000000000000000000000000        170192477882     
0010001300096U 140000000000000000000000000000000000000000000000000000000000000000000000000000000000000000000000000000000000000000000000001007202500000000            000000000000000                              000                           
0010001300097T 1401897X0000000092096 24778822500005590   700000000000559015072025000000000052393001009946000005590                0900000000000000000000000000000000000000000000000000000   000000000000000000000000000        170192477882     
0010001300098U 140000000000000000000000000000000000000000000000000000000000000000000000000000000000000000000000000000000000000000000000001007202500000000            000000000000000                              000                           
0010001300099T 1401897X0000000092096 24778822500005877   70000000000058771507202500000000004498600101849X000005877                0900000000000000000000000000000000000000000000000000000   000000000000000000000000000        170192477882     
0010001300100U 140000000000000000000000000000000000000000000000000000000000000000000000000000000000000000000000000000000000000000000000001007202500000000            000000000000000                              000                           
00100015         000102006570000000017439540230000000000000000000000000000000000000000000000000000000000000000000000000000000000000000000000000000                                                                                              
00199999         000001000104000000                                                                                                                                                            00000000000000000000000000000                    
