00100000         2115139610001160024778820014       01897X0000000092096 FUNDACAO AGENCIA DAS BACIAS HIBANCO DO BRASIL                         20608202502013800616903000000829973081PROCESSAMEN                                                 
00100011T0100020 20115139610001160024778820014       01897X0000000092096 FUNDACAO AGENCIA DAS BACIAS HI                                                                                000000000608202500000000  000000000                      
0010001300001T 0201897X0000000092096 24778829000008743   7000008743      29082025000000000050154001009946000008743                0900000000000010500000000000000000000000000000000000000   0000000000000000000000519A9A4      170192477882     
0010001300002U 020000000000000000000000000000000000000000000000000000000000000000000000000000000000000000000000000000000000000000000000000608202500000000            000000000000000                              000                           
0010001300003T 0201897X0000000092096 24778829000008744   7000008744      29082025000000000024065001004561000008744                0900000000000010000000000000000000000000000000000000000   0000000000000000000000519A9        170192477882     
0010001300004U 020000000000000000000000000000000000000000000000000000000000000000000000000000000000000000000000000000000000000000000000000608202500000000            000000000000000                              000                           
0010001300005T 0201897X0000000092096 24778829000008745   7000008745      30092025000000000024065001004561000008745                0900000000000010000000000000000000000000000000000000000   0000000000000000000000519A9        170192477882     
0010001300006U 020000000000000000000000000000000000000000000000000000000000000000000000000000000000000000000000000000000000000000000000000608202500000000            000000000000000                              000                           
0010001300007T 0201897X0000000092096 24778829000008746   7000008746      29082025000000000122603001003409000008746                0900000000000010500000000000000000000000000000000000000   0000000000000000000000519A9A4      170192477882     
0010001300008U 020000000000000000000000000000000000000000000000000000000000000000000000000000000000000000000000000000000000000000000000000608202500000000            000000000000000                              000                           
0010001300009T 0201897X0000000092096 24778829000008747   7000008747      30092025000000000122603001003409000008747                0900000000000010500000000000000000000000000000000000000   0000000000000000000000519A9A4      170192477882     
0010001300010U 020000000000000000000000000000000000000000000000000000000000000000000000000000000000000000000000000000000000000000000000000608202500000000            000000000000000                              000                           
0010001300011T 0201897X0000000092096 24778829000008748   7000008748      31102025000000000122603001003409000008748                0900000000000010500000000000000000000000000000000000000   0000000000000000000000519A9A4      170192477882     
0010001300012U 020000000000000000000000000000000000000000000000000000000000000000000000000000000000000000000000000000000000000000000000000608202500000000            000000000000000                              000                           
0010001300013T 0601897X0000000092096 24778822500000854   700000000000085406082025000000000017630341001360000000854                0900000000000010100000000000000000000000000000000000000   000000000000000000000000004        170192477882     
0010001300014U 060000000000000000000000000000000000000000000000000000000000000000000000176300000000000176300000000000000000000000000000000608202507082025            000000000000000                              000                           
0010001300015T 0601897X0000000092096 24778822500001788   700000000000178829082025000000000023024341026900000001788                0900000000000010100000000000000000000000000000000000000   000000000000000000000000004        170192477882     
0010001300016U 060000000000000000000000000000000000000000000000000000000000000000000000230240000000000230240000000000000000000000000000000608202507082025            000000000000000                              000                           
0010001300017T 0601897X0000000092096 24778822500002420   700000000000242029082025000000000020173033002850000002420                0900000000000010100000000000000000000000000000000000000   000000000000000000000000004        170192477882     
0010001300018U 060000000000000000000000000000000000000000000000000000000000000000000000201730000000000201730000000000000000000000000000000608202507082025            000000000000000                              000                           
0010001300019T 0601897X0000000092096 24778822500003408   700000000000340829082025000000002434213033002850000003408                0900000000000010100000000000000000000000000000000000000   000000000000000000000000004        170192477882     
0010001300020U 060000000000000000000000000000000000000000000000000000000000000000000024342130000000024342130000000000000000000000000000000608202507082025            000000000000000                              000                           
0010001300021T 0601897X0000000092096 24778822500003478   700000000000347829082025000000001293176033002850000003478                0900000000000010100000000000000000000000000000000000000   000000000000000000000000004        170192477882     
0010001300022U 060000000000000000000000000000000000000000000000000000000000000000000012931760000000012931760000000000000000000000000000000608202507082025            000000000000000                              000                           
0010001300023T 0601897X0000000092096 24778822500003513   700000000000351329082025000000000954923033002850000003513                0900000000000010100000000000000000000000000000000000000   000000000000000000000000004        170192477882     
0010001300024U 060000000000000000000000000000000000000000000000000000000000000000000009549230000000009549230000000000000000000000000000000608202507082025            000000000000000                              000                           
0010001300025T 0601897X0000000092096 24778822500003611   700000000000361129082025000000000627070033002850000003611                0900000000000010100000000000000000000000000000000000000   000000000000000000000000004        170192477882     
0010001300026U 060000000000000000000000000000000000000000000000000000000000000000000006270700000000006270700000000000000000000000000000000608202507082025            000000000000000                              000                           
0010001300027T 0601897X0000000092096 24778822500003814   700000000000381429082025000000000284174033002850000003814                0900000000000010100000000000000000000000000000000000000   000000000000000000000000004        170192477882     
0010001300028U 060000000000000000000000000000000000000000000000000000000000000000000002841740000000002841740000000000000000000000000000000608202507082025            000000000000000                              000                           
0010001300029T 0601897X0000000092096 24778822500003891   700000000000389129082025000000000248815033002850000003891                0900000000000010100000000000000000000000000000000000000   000000000000000000000000004        170192477882     
0010001300030U 060000000000000000000000000000000000000000000000000000000000000000000002488150000000002488150000000000000000000000000000000608202507082025            000000000000000                              000                           
0010001300031T 0601897X0000000092096 24778822500004317   700000000000431731072025000000000138019341074680000004317                0900000000000010100000000000000000000000000000000000000   000000000000000000000000004        170192477882     
0010001300032U 060000000000030360000000000000000000000000000000000000000000000000000001410550000000001410550000000000000000000000000000000608202507082025            000000000000000                              000                           
0010001300033T 0601897X0000000092096 24778822500006012   700000000000601229082025000000000041824237013400000006012                0900000000000010100000000000000000000000000000000000000   000000000000000000000000004        170192477882     
0010001300034U 060000000000000000000000000000000000000000000000000000000000000000000000418240000000000418240000000000000000000000000000000608202507082025            000000000000000                              000                           
0010001300035T 0601897X0000000092096 24778822500006893   700000000000689331072025000000000031368001009903000006893                0900000000000010060000000000000000000000000000000000000   000000000000000000000000033        170192477882     
0010001300036U 060000000000006890000000000000000000000000000000000000000000000000000000320570000000000320570000000000000000000000000000000608202507082025            000000000000000                              000                           
00100015         000038004664000000014406042770000000000000000000000000000000000000000000000000000000000000000000000000000000000000000000000000000                                                                                              
00199999         000001000040000000                                                                                                                                                            00000000000000000000000000000                    
