00100000         2115139610001160024778820014       01897X0000000092096 FUNDACAO AGENCIA DAS BACIAS HIBANCO DO BRASIL                         22609202501481300624303000000829973081PROCESSAMEN                                                 
00100011T0100020 20115139610001160024778820014       01897X0000000092096 FUNDACAO AGENCIA DAS BACIAS HI                                                                                000000002609202500000000  000000000                      
0010001300001T 0201897X0000000092096 24778829000008943   7000008943      31102025000000000025870001004561000008943                0900000000000010000000000000000000000000000000000000000   0000000000000000000000519A9        170192477882     
0010001300002U 020000000000000000000000000000000000000000000000000000000000000000000000000000000000000000000000000000000000000000000000002609202500000000            000000000000000                              000                           
0010001300003T 0201897X0000000092096 24778829000008944   7000008944      28112025000000000025870001004561000008944                0900000000000010000000000000000000000000000000000000000   0000000000000000000000519A9        170192477882     
0010001300004U 020000000000000000000000000000000000000000000000000000000000000000000000000000000000000000000000000000000000000000000000002609202500000000            000000000000000                              000                           
0010001300005T 0201897X0000000092096 24778829000008945   7000008945      31122025000000000025870001004561000008945                0900000000000010000000000000000000000000000000000000000   0000000000000000000000519A9        170192477882     
0010001300006U 020000000000000000000000000000000000000000000000000000000000000000000000000000000000000000000000000000000000000000000000002609202500000000            000000000000000                              000                           
0010001300007T 0201897X0000000092096 24778829000008946   7000008946      3009202500000000007342300101849X000008946                0900000000000010500000000000000000000000000000000000000   0000000000000000000000519A9A4      170192477882     
0010001300008U 020000000000000000000000000000000000000000000000000000000000000000000000000000000000000000000000000000000000000000000000002609202500000000            000000000000000                              000                           
0010001300009T 0201897X0000000092096 24778829000008947   7000008947      30092025000000000061766001004154000008947                0900000000000010000000000000000000000000000000000000000   0000000000000000000000519A9        170192477882     
0010001300010U 020000000000000000000000000000000000000000000000000000000000000000000000000000000000000000000000000000000000000000000000002609202500000000            000000000000000                              000                           
0010001300011T 0601897X0000000092096 24778822500002081   700000000000208130092025000000000023407237002150000002081                0900000000000010100000000000000000000000000000000000000   000000000000000000000000004        170192477882     
0010001300012U 060000000000000000000000000000000000000000000000000000000000000000000000234070000000000234070000000000000000000000000000002609202529092025            000000000000000                              000                           
0010001300013T 0601897X0000000092096 24778822500002381   700000000000238130092025000000000020750237003150000002381                0900000000000010100000000000000000000000000000000000000   000000000000000000000000004        170192477882     
0010001300014U 060000000000000000000000000000000000000000000000000000000000000000000000207500000000000207500000000000000000000000000000002609202529092025            000000000000000                              000                           
0010001300015T 0601897X0000000092096 24778822500003283   700000000000328330092025000000010172734104003410000003283                0900000000000010100000000000000000000000000000000000000   000000000000000000000000004        170192477882     
0010001300016U 060000000000000000000000000000000000000000000000000000000000000000000101727340000000101727340000000000000000000000000000002609202529092025            000000000000000                              000                           
0010001300017T 0601897X0000000092096 24778822500003836   700000000000383630092025000000000276151237033910000003836                0900000000000010100000000000000000000000000000000000000   000000000000000000000000004        170192477882     
0010001300018U 060000000000000000000000000000000000000000000000000000000000000000000002761510000000002761510000000000000000000000000000002609202529092025            000000000000000                              000                           
0010001300019T 0601897X0000000092096 24778822500004543   700000000000454330092025000000000104648341048360000004543                0900000000000010100000000000000000000000000000000000000   000000000000000000000000004        170192477882     
0010001300020U 060000000000000000000000000000000000000000000000000000000000000000000001046480000000001046480000000000000000000000000000002609202529092025            000000000000000                              000                           
0010001300021T 0601897X0000000092096 24778822500004599   700000000000459930092025000000000102401341003780000004599                0900000000000010100000000000000000000000000000000000000   000000000000000000000000004        170192477882     
0010001300022U 060000000000000000000000000000000000000000000000000000000000000000000001024010000000001024010000000000000000000000000000002609202529092025            000000000000000                              000                           
0010001300023T 0601897X0000000092096 24778822500005152   700000000000515230092025000000000066918509000010000005152                0900000000000010100000000000000000000000000000000000000   000000000000000000000000004        170192477882     
0010001300024U 060000000000000000000000000000000000000000000000000000000000000000000000669180000000000669180000000000000000000000000000002609202529092025            000000000000000                              000                           
0010001300025T 0601897X0000000092096 24778822500005320   700000000000532030092025000000000061481341000280000005320                0900000000000010100000000000000000000000000000000000000   000000000000000000000000004        170192477882     
0010001300026U 060000000000000000000000000000000000000000000000000000000000000000000000614810000000000614810000000000000000000000000000002609202529092025            000000000000000                              000                           
0010001300027T 0601897X0000000092096 24778822500005586   700000000000558630092025000000000052965341005600000005586                0900000000000010100000000000000000000000000000000000000   000000000000000000000000004        170192477882     
0010001300028U 060000000000000000000000000000000000000000000000000000000000000000000000529650000000000529650000000000000000000000000000002609202529092025            000000000000000                              000                           
0010001300029T 0601897X0000000092096 24778822500005873   700000000000587330092025000000000045046341029290000005873                0900000000000010100000000000000000000000000000000000000   000000000000000000000000004        170192477882     
0010001300030U 060000000000000000000000000000000000000000000000000000000000000000000000450460000000000450460000000000000000000000000000002609202529092025            000000000000000                              000                           
0010001300031T 0601897X0000000092096 24778822500006314   700000000000631430092025000000000037641237033900000006314                0900000000000010100000000000000000000000000000000000000   000000000000000000000000004        170192477882     
0010001300032U 060000000000000000000000000000000000000000000000000000000000000000000000376410000000000376410000000000000000000000000000002609202529092025            000000000000000                              000                           
0010001300033T 0601897X0000000092096 24778822500006587   700000000000658730092025000000000033597341026900000006587                0900000000000010100000000000000000000000000000000000000   000000000000000000000000004        170192477882     
0010001300034U 060000000000000000000000000000000000000000000000000000000000000000000000335970000000000335970000000000000000000000000000002609202529092025            000000000000000                              000                           
0010001300035T 0601897X0000000092096 24778822500006762   700000000000676230092025000000000032299341000280000006762                0900000000000010100000000000000000000000000000000000000   000000000000000000000000004        170192477882     
0010001300036U 060000000000000000000000000000000000000000000000000000000000000000000000322990000000000322990000000000000000000000000000002609202529092025            000000000000000                              000                           
0010001300037T 0601897X0000000092096 24778822500006769   700000000000676930092025000000000032271341001960000006769                0900000000000010100000000000000000000000000000000000000   000000000000000000000000004        170192477882     
0010001300038U 060000000000000000000000000000000000000000000000000000000000000000000000322710000000000322710000000000000000000000000000002609202529092025            000000000000000                              000                           
0010001300039T 0601897X0000000092096 24778822500007119   700000000000711930092025000000000028938341088490000007119                0900000000000010100000000000000000000000000000000000000   000000000000000000000000004        170192477882     
0010001300040U 060000000000000000000000000000000000000000000000000000000000000000000000289380000000000289380000000000000000000000000000002609202529092025            000000000000000                              000                           
0010001300041T 0601897X0000000092096 24778822500007266   700000000000726630092025000000000026349033000900000007266                0900000000000010100000000000000000000000000000000000000   000000000000000000000000004        170192477882     
0010001300042U 060000000000000000000000000000000000000000000000000000000000000000000000263490000000000263490000000000000000000000000000002609202529092025            000000000000000                              000                           
0010001300043T 0601897X0000000092096 24778822500007630   700000000000763030092025000000000022585341005460000007630                0900000000000010100000000000000000000000000000000000000   000000000000000000000000004        170192477882     
0010001300044U 060000000000000000000000000000000000000000000000000000000000000000000000225850000000000225850000000000000000000000000000002609202529092025            000000000000000                              000                           
0010001300045T 0601897X0000000092096 24778822500007805   700000000000780530092025000000000021058237003140000007805                0900000000000010100000000000000000000000000000000000000   000000000000000000000000004        170192477882     
0010001300046U 060000000000000000000000000000000000000000000000000000000000000000000000210580000000000210580000000000000000000000000000002609202529092025            000000000000000                              000                           
0010001300047T 0601897X0000000092096 24778822500007987   700000000000798730092025000000000020469237025610000007987                0900000000000010100000000000000000000000000000000000000   000000000000000000000000004        170192477882     
0010001300048U 060000000000000000000000000000000000000000000000000000000000000000000000204690000000000204690000000000000000000000000000002609202529092025            000000000000000                              000                           
0010001300049T 0601897X0000000092096 24778829000008597   7000008597      30092025000000009000000104003410000008597                0900000000000010100000000000000000000000000000000000000   000000000000000000000000004        170192477882     
0010001300050U 060000000000000000000000000000000000000000000000000000000000000000000090000000000000090000000000000000000000000000000000002609202529092025            000000000000000                              000                           
0010001300051T 0601897X0000000092096 24778829000008789   7000008789      30092025000000000047904341009100000008789                0900000000000010100000000000000000000000000000000000000   000000000000000000000000004        170192477882     
0010001300052U 060000000000000000000000000000000000000000000000000000000000000000000000479040000000000479040000000000000000000000000000002609202529092025            000000000000000                              000                           
0010001300053T 0601897X0000000092096 24778829000008793   7000008793      30092025000000000107684237036440000008793                0900000000000010100000000000000000000000000000000000000   000000000000000000000000004        170192477882     
0010001300054U 060000000000000000000000000000000000000000000000000000000000000000000001076840000000001076840000000000000000000000000000002609202529092025            000000000000000                              000                           
0010001300055T 0601897X0000000092096 24778829000008796   7000008796      30092025000000000093144033002160000008796                0900000000000010100000000000000000000000000000000000000   000000000000000000000000004        170192477882     
0010001300056U 060000000000000000000000000000000000000000000000000000000000000000000000931440000000000931440000000000000000000000000000002609202529092025            000000000000000                              000                           
0010001300057T 0601897X0000000092096 24778829000008914   7000008914      30092025000000000090335341088490000008914                0900000000000010100000000000000000000000000000000000000   000000000000000000000000004        170192477882     
0010001300058U 060000000000000000000000000000000000000000000000000000000000000000000000903350000000000903350000000000000000000000000000002609202529092025            000000000000000                              000                           
0010001300059T 0601897X0000000092096 24778829000008916   7000008916      30092025000000000056172341002770000008916                0900000000000010100000000000000000000000000000000000000   000000000000000000000000004        170192477882     
0010001300060U 060000000000000000000000000000000000000000000000000000000000000000000000561720000000000561720000000000000000000000000000002609202529092025            000000000000000                              000                           
0010001300061T 0601897X0000000092096 24778829000008940   7000008940      30092025000000000067830341009120000008940                0900000000000010100000000000000000000000000000000000000   000000000000000000000000004        170192477882     
0010001300062U 060000000000000000000000000000000000000000000000000000000000000000000000678300000000000678300000000000000000000000000000002609202529092025            000000000000000                              000                           
00100015         000064003358000000010601476790000000000000000000000000000000000000000000000000000000000000000000000000000000000000000000000000000                                                                                              
00199999         000001000066000000                                                                                                                                                            00000000000000000000000000000                    
