00100000         2115139610001160024778820014       01897X0000000092096 FUNDACAO AGENCIA DAS BACIAS HIBANCO DO BRASIL                         22301202502052400593003000000829973081PROCESSAMEN                                                 
00100011T0100020 20115139610001160024778820014       01897X0000000092096 FUNDACAO AGENCIA DAS BACIAS HI                                                                                000000002301202500000000  000000000                      
0010001300001T 0901897X0000000092096 24778822400002341   700000000000234119122024000000000438405001009296000002341                0900000000000000000000000000000000000000000000000000000   000000000000000000000039009        170192477882     
0010001300002U 090000000000000000000000000000000000000000000000000000000000000000000000000000000000000000000000000000000000000000000000002301202500000000            000000000000000                              000                           
0010001300003T 0901897X0000000092096 24778822400002389   700000000000238919122024000000000387916001026565000002389                0900000000000000000000000000000000000000000000000000000   000000000000000000000039009        170192477882     
0010001300004U 090000000000000000000000000000000000000000000000000000000000000000000000000000000000000000000000000000000000000000000000002301202500000000            000000000000000                              000                           
0010001300005T 0901897X0000000092096 24778822400002401   700000000000240119122024000000000377718001009946000002401                0900000000000000000000000000000000000000000000000000000   000000000000000000000039009        170192477882     
0010001300006U 090000000000000000000000000000000000000000000000000000000000000000000000000000000000000000000000000000000000000000000000002301202500000000            000000000000000                              000                           
0010001300007T 0901897X0000000092096 24778822400002445   700000000000244519122024000000000330802001003190000002445                0900000000000000000000000000000000000000000000000000000   000000000000000000000039009        170192477882     
0010001300008U 090000000000000000000000000000000000000000000000000000000000000000000000000000000000000000000000000000000000000000000000002301202500000000            000000000000000                              000                           
0010001300009T 0901897X0000000092096 24778822400002449   700000000000244919122024000000000329663001001724000002449                0900000000000000000000000000000000000000000000000000000   000000000000000000000039009        170192477882     
0010001300010U 090000000000000000000000000000000000000000000000000000000000000000000000000000000000000000000000000000000000000000000000002301202500000000            000000000000000                              000                           
0010001300011T 0901897X0000000092096 24778822400002485   700000000000248519122024000000000307572001003018000002485                0900000000000000000000000000000000000000000000000000000   000000000000000000000039009        170192477882     
0010001300012U 090000000000000000000000000000000000000000000000000000000000000000000000000000000000000000000000000000000000000000000000002301202500000000            000000000000000                              000                           
0010001300013T 0901897X0000000092096 24778822400002489   700000000000248919122024000000000305119001003549000002489                0900000000000000000000000000000000000000000000000000000   000000000000000000000039009        170192477882     
0010001300014U 090000000000000000000000000000000000000000000000000000000000000000000000000000000000000000000000000000000000000000000000002301202500000000            000000000000000                              000                           
0010001300015T 0901897X0000000092096 24778822400002529   700000000000252919122024000000000272556001014753000002529                0900000000000000000000000000000000000000000000000000000   000000000000000000000039009        170192477882     
0010001300016U 090000000000000000000000000000000000000000000000000000000000000000000000000000000000000000000000000000000000000000000000002301202500000000            000000000000000                              000                           
0010001300017T 0901897X0000000092096 24778822400002545   700000000000254519122024000000000263543001003190000002545                0900000000000000000000000000000000000000000000000000000   000000000000000000000039009        170192477882     
0010001300018U 090000000000000000000000000000000000000000000000000000000000000000000000000000000000000000000000000000000000000000000000002301202500000000            000000000000000                              000                           
0010001300019T 0901897X0000000092096 24778822400002565   700000000000256519122024000000000246646001009296000002565                0900000000000000000000000000000000000000000000000000000   000000000000000000000039009        170192477882     
0010001300020U 090000000000000000000000000000000000000000000000000000000000000000000000000000000000000000000000000000000000000000000000002301202500000000            000000000000000                              000                           
0010001300021T 0901897X0000000092096 24778822400002573   700000000000257319122024000000000243256001001724000002573                0900000000000000000000000000000000000000000000000000000   000000000000000000000039009        170192477882     
0010001300022U 090000000000000000000000000000000000000000000000000000000000000000000000000000000000000000000000000000000000000000000000002301202500000000            000000000000000                              000                           
0010001300023T 0901897X0000000092096 24778822400002581   700000000000258119122024000000000242144001004561000002581                0900000000000000000000000000000000000000000000000000000   000000000000000000000039009        170192477882     
0010001300024U 090000000000000000000000000000000000000000000000000000000000000000000000000000000000000000000000000000000000000000000000002301202500000000            000000000000000                              000                           
0010001300025T 0901897X0000000092096 24778822400002589   700000000000258919122024000000000240363001009296000002589                0900000000000000000000000000000000000000000000000000000   000000000000000000000039009        170192477882     
0010001300026U 090000000000000000000000000000000000000000000000000000000000000000000000000000000000000000000000000000000000000000000000002301202500000000            000000000000000                              000                           
0010001300027T 0901897X0000000092096 24778822400002593   700000000000259319122024000000000237347001023248000002593                0900000000000000000000000000000000000000000000000000000   000000000000000000000039009        170192477882     
0010001300028U 090000000000000000000000000000000000000000000000000000000000000000000000000000000000000000000000000000000000000000000000002301202500000000            000000000000000                              000                           
0010001300029T 0901897X0000000092096 24778822400002605   700000000000260519122024000000000233315001032883000002605                0900000000000000000000000000000000000000000000000000000   000000000000000000000039009        170192477882     
0010001300030U 090000000000000000000000000000000000000000000000000000000000000000000000000000000000000000000000000000000000000000000000002301202500000000            000000000000000                              000                           
0010001300031T 0901897X0000000092096 24778822400002649   700000000000264919122024000000000213749001022004000002649                0900000000000000000000000000000000000000000000000000000   000000000000000000000039009        170192477882     
0010001300032U 090000000000000000000000000000000000000000000000000000000000000000000000000000000000000000000000000000000000000000000000002301202500000000            000000000000000                              000                           
0010001300033T 0901897X0000000092096 24778822400002673   700000000000267319122024000000000206093001001724000002673                0900000000000000000000000000000000000000000000000000000   000000000000000000000039009        170192477882     
0010001300034U 090000000000000000000000000000000000000000000000000000000000000000000000000000000000000000000000000000000000000000000000002301202500000000            000000000000000                              000                           
0010001300035T 0901897X0000000092096 24778822400002689   700000000000268919122024000000000203342001000566000002689                0900000000000000000000000000000000000000000000000000000   000000000000000000000039009        170192477882     
0010001300036U 090000000000000000000000000000000000000000000000000000000000000000000000000000000000000000000000000000000000000000000000002301202500000000            000000000000000                              000                           
0010001300037T 0901897X0000000092096 24778822400002717   70000000000027171912202400000000019482000101849X000002717                0900000000000000000000000000000000000000000000000000000   000000000000000000000039009        170192477882     
0010001300038U 090000000000000000000000000000000000000000000000000000000000000000000000000000000000000000000000000000000000000000000000002301202500000000            000000000000000                              000                           
0010001300039T 0901897X0000000092096 24778822400002729   700000000000272919122024000000000189574001000566000002729                0900000000000000000000000000000000000000000000000000000   000000000000000000000039009        170192477882     
0010001300040U 090000000000000000000000000000000000000000000000000000000000000000000000000000000000000000000000000000000000000000000000002301202500000000            000000000000000                              000                           
0010001300041T 0901897X0000000092096 24778822400002745   70000000000027451912202400000000018297900100216X000002745                0900000000000000000000000000000000000000000000000000000   000000000000000000000039009        170192477882     
0010001300042U 090000000000000000000000000000000000000000000000000000000000000000000000000000000000000000000000000000000000000000000000002301202500000000            000000000000000                              000                           
0010001300043T 0901897X0000000092096 24778822400002777   700000000000277719122024000000000174989001007994000002777                0900000000000000000000000000000000000000000000000000000   000000000000000000000039009        170192477882     
0010001300044U 090000000000000000000000000000000000000000000000000000000000000000000000000000000000000000000000000000000000000000000000002301202500000000            000000000000000                              000                           
0010001300045T 0901897X0000000092096 24778822400002785   700000000000278519122024000000000173033001001724000002785                0900000000000000000000000000000000000000000000000000000   000000000000000000000039009        170192477882     
0010001300046U 090000000000000000000000000000000000000000000000000000000000000000000000000000000000000000000000000000000000000000000000002301202500000000            000000000000000                              000                           
0010001300047T 0901897X0000000092096 24778822400002829   70000000000028291912202400000000016242700101513X000002829                0900000000000000000000000000000000000000000000000000000   000000000000000000000039009        170192477882     
0010001300048U 090000000000000000000000000000000000000000000000000000000000000000000000000000000000000000000000000000000000000000000000002301202500000000            000000000000000                              000                           
0010001300049T 0901897X0000000092096 24778822400002845   700000000000284519122024000000000157216001022004000002845                0900000000000000000000000000000000000000000000000000000   000000000000000000000039009        170192477882     
0010001300050U 090000000000000000000000000000000000000000000000000000000000000000000000000000000000000000000000000000000000000000000000002301202500000000            000000000000000                              000                           
0010001300051T 0901897X0000000092096 24778822400002869   700000000000286919122024000000000149586001009296000002869                0900000000000000000000000000000000000000000000000000000   000000000000000000000039009        170192477882     
0010001300052U 090000000000000000000000000000000000000000000000000000000000000000000000000000000000000000000000000000000000000000000000002301202500000000            000000000000000                              000                           
0010001300053T 0901897X0000000092096 24778822400002905   700000000000290519122024000000000146670001007994000002905                0900000000000000000000000000000000000000000000000000000   000000000000000000000039009        170192477882     
0010001300054U 090000000000000000000000000000000000000000000000000000000000000000000000000000000000000000000000000000000000000000000000002301202500000000            000000000000000                              000                           
0010001300055T 0901897X0000000092096 24778822400002913   700000000000291319122024000000000146383001026565000002913                0900000000000000000000000000000000000000000000000000000   000000000000000000000039009        170192477882     
0010001300056U 090000000000000000000000000000000000000000000000000000000000000000000000000000000000000000000000000000000000000000000000002301202500000000            000000000000000                              000                           
0010001300057T 0901897X0000000092096 24778822400002929   700000000000292919122024000000000144402001002682000002929                0900000000000000000000000000000000000000000000000000000   000000000000000000000039009        170192477882     
0010001300058U 090000000000000000000000000000000000000000000000000000000000000000000000000000000000000000000000000000000000000000000000002301202500000000            000000000000000                              000                           
0010001300059T 0901897X0000000092096 24778822400002933   700000000000293319122024000000000143847001000280000002933                0900000000000000000000000000000000000000000000000000000   000000000000000000000039009        170192477882     
0010001300060U 090000000000000000000000000000000000000000000000000000000000000000000000000000000000000000000000000000000000000000000000002301202500000000            000000000000000                              000                           
0010001300061T 0901897X0000000092096 24778822400002937   700000000000293719122024000000000143847001001724000002937                0900000000000000000000000000000000000000000000000000000   000000000000000000000039009        170192477882     
0010001300062U 090000000000000000000000000000000000000000000000000000000000000000000000000000000000000000000000000000000000000000000000002301202500000000            000000000000000                              000                           
0010001300063T 0901897X0000000092096 24778822400002941   700000000000294119122024000000000143416001009296000002941                0900000000000000000000000000000000000000000000000000000   000000000000000000000039009        170192477882     
0010001300064U 090000000000000000000000000000000000000000000000000000000000000000000000000000000000000000000000000000000000000000000000002301202500000000            000000000000000                              000                           
0010001300065T 0901897X0000000092096 24778822400002985   700000000000298519122024000000000131795001003018000002985                0900000000000000000000000000000000000000000000000000000   000000000000000000000039009        170192477882     
0010001300066U 090000000000000000000000000000000000000000000000000000000000000000000000000000000000000000000000000000000000000000000000002301202500000000            000000000000000                              000                           
0010001300067T 0901897X0000000092096 24778822400003029   700000000000302919122024000000000128624001004561000003029                0900000000000000000000000000000000000000000000000000000   000000000000000000000039009        170192477882     
0010001300068U 090000000000000000000000000000000000000000000000000000000000000000000000000000000000000000000000000000000000000000000000002301202500000000            000000000000000                              000                           
0010001300069T 0901897X0000000092096 24778822400003041   700000000000304119122024000000000128086001000566000003041                0900000000000000000000000000000000000000000000000000000   000000000000000000000039009        170192477882     
0010001300070U 090000000000000000000000000000000000000000000000000000000000000000000000000000000000000000000000000000000000000000000000002301202500000000            000000000000000                              000                           
0010001300071T 0901897X0000000092096 24778822400003089   700000000000308919122024000000000121315001007994000003089                0900000000000000000000000000000000000000000000000000000   000000000000000000000039009        170192477882     
0010001300072U 090000000000000000000000000000000000000000000000000000000000000000000000000000000000000000000000000000000000000000000000002301202500000000            000000000000000                              000                           
0010001300073T 0901897X0000000092096 24778822400003109   70000000000031091912202400000000011889400100216X000003109                0900000000000000000000000000000000000000000000000000000   000000000000000000000039009        170192477882     
0010001300074U 090000000000000000000000000000000000000000000000000000000000000000000000000000000000000000000000000000000000000000000000002301202500000000            000000000000000                              000                           
0010001300075T 0901897X0000000092096 24778822400003113   700000000000311319122024000000000118699001069833000003113                0900000000000000000000000000000000000000000000000000000   000000000000000000000039009        170192477882     
0010001300076U 090000000000000000000000000000000000000000000000000000000000000000000000000000000000000000000000000000000000000000000000002301202500000000            000000000000000                              000                           
0010001300077T 0901897X0000000092096 24778822400003161   700000000000316119122024000000000112475001003190000003161                0900000000000000000000000000000000000000000000000000000   000000000000000000000039009        170192477882     
0010001300078U 090000000000000000000000000000000000000000000000000000000000000000000000000000000000000000000000000000000000000000000000002301202500000000            000000000000000                              000                           
0010001300079T 0901897X0000000092096 24778822400003173   70000000000031731912202400000000011212000100264X000003173                0900000000000000000000000000000000000000000000000000000   000000000000000000000039009        170192477882     
0010001300080U 090000000000000000000000000000000000000000000000000000000000000000000000000000000000000000000000000000000000000000000000002301202500000000            000000000000000                              000                           
0010001300081T 0901897X0000000092096 24778822400003217   70000000000032171912202400000000010959200101849X000003217                0900000000000000000000000000000000000000000000000000000   000000000000000000000039009        170192477882     
0010001300082U 090000000000000000000000000000000000000000000000000000000000000000000000000000000000000000000000000000000000000000000000002301202500000000            000000000000000                              000                           
0010001300083T 0901897X0000000092096 24778822400003269   700000000000326919122024000000000103998001069833000003269                0900000000000000000000000000000000000000000000000000000   000000000000000000000039009        170192477882     
0010001300084U 090000000000000000000000000000000000000000000000000000000000000000000000000000000000000000000000000000000000000000000000002301202500000000            000000000000000                              000                           
0010001300085T 0901897X0000000092096 24778822400003273   700000000000327319122024000000000103994001009210000003273                0900000000000000000000000000000000000000000000000000000   000000000000000000000039009        170192477882     
0010001300086U 090000000000000000000000000000000000000000000000000000000000000000000000000000000000000000000000000000000000000000000000002301202500000000            000000000000000                              000                           
0010001300087T 0901897X0000000092096 24778822400003289   700000000000328919122024000000000102468001014753000003289                0900000000000000000000000000000000000000000000000000000   000000000000000000000039009        170192477882     
0010001300088U 090000000000000000000000000000000000000000000000000000000000000000000000000000000000000000000000000000000000000000000000002301202500000000            000000000000000                              000                           
0010001300089T 0901897X0000000092096 24778822400003309   70000000000033091912202400000000009880900101849X000003309                0900000000000000000000000000000000000000000000000000000   000000000000000000000039009        170192477882     
0010001300090U 090000000000000000000000000000000000000000000000000000000000000000000000000000000000000000000000000000000000000000000000002301202500000000            000000000000000                              000                           
0010001300091T 0901897X0000000092096 24778822400003333   700000000000333319122024000000000095149001004561000003333                0900000000000000000000000000000000000000000000000000000   000000000000000000000039009        170192477882     
0010001300092U 090000000000000000000000000000000000000000000000000000000000000000000000000000000000000000000000000000000000000000000000002301202500000000            000000000000000                              000                           
0010001300093T 0901897X0000000092096 24778822400003353   700000000000335319122024000000000091476001000566000003353                0900000000000000000000000000000000000000000000000000000   000000000000000000000039009        170192477882     
0010001300094U 090000000000000000000000000000000000000000000000000000000000000000000000000000000000000000000000000000000000000000000000002301202500000000            000000000000000                              000                           
0010001300095T 0901897X0000000092096 24778822400003389   700000000000338919122024000000000088823001003409000003389                0900000000000000000000000000000000000000000000000000000   000000000000000000000039009        170192477882     
0010001300096U 090000000000000000000000000000000000000000000000000000000000000000000000000000000000000000000000000000000000000000000000002301202500000000            000000000000000                              000                           
0010001300097T 0901897X0000000092096 24778822400003401   700000000000340119122024000000000087830001024538000003401                0900000000000000000000000000000000000000000000000000000   000000000000000000000039009        170192477882     
0010001300098U 090000000000000000000000000000000000000000000000000000000000000000000000000000000000000000000000000000000000000000000000002301202500000000            000000000000000                              000                           
0010001300099T 0901897X0000000092096 24778822400003445   700000000000344519122024000000000084903001001678000003445                0900000000000000000000000000000000000000000000000000000   000000000000000000000039009        170192477882     
0010001300100U 090000000000000000000000000000000000000000000000000000000000000000000000000000000000000000000000000000000000000000000000002301202500000000            000000000000000                              000                           
0010001300101T 0901897X0000000092096 24778822400003449   700000000000344919122024000000000084765001003409000003449                0900000000000000000000000000000000000000000000000000000   000000000000000000000039009        170192477882     
0010001300102U 090000000000000000000000000000000000000000000000000000000000000000000000000000000000000000000000000000000000000000000000002301202500000000            000000000000000                              000                           
0010001300103T 0901897X0000000092096 24778822400003473   700000000000347319122024000000000082984001004154000003473                0900000000000000000000000000000000000000000000000000000   000000000000000000000039009        170192477882     
0010001300104U 090000000000000000000000000000000000000000000000000000000000000000000000000000000000000000000000000000000000000000000000002301202500000000            000000000000000                              000                           
0010001300105T 0901897X0000000092096 24778822400003481   700000000000348119122024000000000081993001026565000003481                0900000000000000000000000000000000000000000000000000000   000000000000000000000039009        170192477882     
0010001300106U 090000000000000000000000000000000000000000000000000000000000000000000000000000000000000000000000000000000000000000000000002301202500000000            000000000000000                              000                           
0010001300107T 0901897X0000000092096 24778822400003485   700000000000348519122024000000000080877001006831000003485                0900000000000000000000000000000000000000000000000000000   000000000000000000000039009        170192477882     
0010001300108U 090000000000000000000000000000000000000000000000000000000000000000000000000000000000000000000000000000000000000000000000002301202500000000            000000000000000                              000                           
0010001300109T 0901897X0000000092096 24778822400003489   700000000000348919122024000000000080877001006831000003489                0900000000000000000000000000000000000000000000000000000   000000000000000000000039009        170192477882     
0010001300110U 090000000000000000000000000000000000000000000000000000000000000000000000000000000000000000000000000000000000000000000000002301202500000000            000000000000000                              000                           
0010001300111T 0901897X0000000092096 24778822400003509   700000000000350919122024000000000079717001004561000003509                0900000000000000000000000000000000000000000000000000000   000000000000000000000039009        170192477882     
0010001300112U 090000000000000000000000000000000000000000000000000000000000000000000000000000000000000000000000000000000000000000000000002301202500000000            000000000000000                              000                           
0010001300113T 0901897X0000000092096 24778822400003525   700000000000352519122024000000000078891001066583000003525                0900000000000000000000000000000000000000000000000000000   000000000000000000000039009        170192477882     
0010001300114U 090000000000000000000000000000000000000000000000000000000000000000000000000000000000000000000000000000000000000000000000002301202500000000            000000000000000                              000                           
0010001300115T 0901897X0000000092096 24778822400003565   700000000000356519122024000000000075520001022004000003565                0900000000000000000000000000000000000000000000000000000   000000000000000000000039009        170192477882     
0010001300116U 090000000000000000000000000000000000000000000000000000000000000000000000000000000000000000000000000000000000000000000000002301202500000000            000000000000000                              000                           
0010001300117T 0901897X0000000092096 24778822400003581   700000000000358119122024000000000073909001003190000003581                0900000000000000000000000000000000000000000000000000000   000000000000000000000039009        170192477882     
0010001300118U 090000000000000000000000000000000000000000000000000000000000000000000000000000000000000000000000000000000000000000000000002301202500000000            000000000000000                              000                           
0010001300119T 0901897X0000000092096 24778822400003585   70000000000035851912202400000000007364100100216X000003585                0900000000000000000000000000000000000000000000000000000   000000000000000000000039009        170192477882     
0010001300120U 090000000000000000000000000000000000000000000000000000000000000000000000000000000000000000000000000000000000000000000000002301202500000000            000000000000000                              000                           
0010001300121T 0901897X0000000092096 24778822400003597   700000000000359719122024000000000073192001026565000003597                0900000000000000000000000000000000000000000000000000000   000000000000000000000039009        170192477882     
0010001300122U 090000000000000000000000000000000000000000000000000000000000000000000000000000000000000000000000000000000000000000000000002301202500000000            000000000000000                              000                           
0010001300123T 0901897X0000000092096 24778822400003641   700000000000364119122024000000000072897001001724000003641                0900000000000000000000000000000000000000000000000000000   000000000000000000000039009        170192477882     
0010001300124U 090000000000000000000000000000000000000000000000000000000000000000000000000000000000000000000000000000000000000000000000002301202500000000            000000000000000                              000                           
0010001300125T 0901897X0000000092096 24778822400003645   700000000000364519122024000000000072863001003409000003645                0900000000000000000000000000000000000000000000000000000   000000000000000000000039009        170192477882     
0010001300126U 090000000000000000000000000000000000000000000000000000000000000000000000000000000000000000000000000000000000000000000000002301202500000000            000000000000000                              000                           
0010001300127T 0901897X0000000092096 24778822400003685   70000000000036851912202400000000007122600101849X000003685                0900000000000000000000000000000000000000000000000000000   000000000000000000000039009        170192477882     
0010001300128U 090000000000000000000000000000000000000000000000000000000000000000000000000000000000000000000000000000000000000000000000002301202500000000            000000000000000                              000                           
0010001300129T 0901897X0000000092096 24778822400003713   700000000000371319122024000000000069297001003190000003713                0900000000000000000000000000000000000000000000000000000   000000000000000000000039009        170192477882     
0010001300130U 090000000000000000000000000000000000000000000000000000000000000000000000000000000000000000000000000000000000000000000000002301202500000000            000000000000000                              000                           
0010001300131T 0901897X0000000092096 24778822400003737   700000000000373719122024000000000067449001000566000003737                0900000000000000000000000000000000000000000000000000000   000000000000000000000039009        170192477882     
0010001300132U 090000000000000000000000000000000000000000000000000000000000000000000000000000000000000000000000000000000000000000000000002301202500000000            000000000000000                              000                           
0010001300133T 0901897X0000000092096 24778822400003741   700000000000374119122024000000000067279001003409000003741                0900000000000000000000000000000000000000000000000000000   000000000000000000000039009        170192477882     
0010001300134U 090000000000000000000000000000000000000000000000000000000000000000000000000000000000000000000000000000000000000000000000002301202500000000            000000000000000                              000                           
0010001300135T 0901897X0000000092096 24778822400003749   700000000000374919122024000000000066751001022004000003749                0900000000000000000000000000000000000000000000000000000   000000000000000000000039009        170192477882     
0010001300136U 090000000000000000000000000000000000000000000000000000000000000000000000000000000000000000000000000000000000000000000000002301202500000000            000000000000000                              000                           
0010001300137T 0901897X0000000092096 24778822400003761   700000000000376119122024000000000066343001003220000003761                0900000000000000000000000000000000000000000000000000000   000000000000000000000039009        170192477882     
0010001300138U 090000000000000000000000000000000000000000000000000000000000000000000000000000000000000000000000000000000000000000000000002301202500000000            000000000000000                              000                           
0010001300139T 0901897X0000000092096 24778822400003777   70000000000037771912202400000000006587300100636X000003777                0900000000000000000000000000000000000000000000000000000   000000000000000000000039009        170192477882     
0010001300140U 090000000000000000000000000000000000000000000000000000000000000000000000000000000000000000000000000000000000000000000000002301202500000000            000000000000000                              000                           
0010001300141T 0901897X0000000092096 24778822400003793   700000000000379319122024000000000065873001004154000003793                0900000000000000000000000000000000000000000000000000000   000000000000000000000039009        170192477882     
0010001300142U 090000000000000000000000000000000000000000000000000000000000000000000000000000000000000000000000000000000000000000000000002301202500000000            000000000000000                              000                           
0010001300143T 0901897X0000000092096 24778822400003817   700000000000381719122024000000000065274001003018000003817                0900000000000000000000000000000000000000000000000000000   000000000000000000000039009        170192477882     
0010001300144U 090000000000000000000000000000000000000000000000000000000000000000000000000000000000000000000000000000000000000000000000002301202500000000            000000000000000                              000                           
0010001300145T 0901897X0000000092096 24778822400003829   700000000000382919122024000000000064251001003409000003829                0900000000000000000000000000000000000000000000000000000   000000000000000000000039009        170192477882     
0010001300146U 090000000000000000000000000000000000000000000000000000000000000000000000000000000000000000000000000000000000000000000000002301202500000000            000000000000000                              000                           
0010001300147T 0901897X0000000092096 24778822400003857   700000000000385719122024000000000063745001022004000003857                0900000000000000000000000000000000000000000000000000000   000000000000000000000039009        170192477882     
0010001300148U 090000000000000000000000000000000000000000000000000000000000000000000000000000000000000000000000000000000000000000000000002301202500000000            000000000000000                              000                           
0010001300149T 0901897X0000000092096 24778822400003861   700000000000386119122024000000000063568001009296000003861                0900000000000000000000000000000000000000000000000000000   000000000000000000000039009        170192477882     
0010001300150U 090000000000000000000000000000000000000000000000000000000000000000000000000000000000000000000000000000000000000000000000002301202500000000            000000000000000                              000                           
0010001300151T 0901897X0000000092096 24778822400003873   700000000000387319122024000000000062579001069833000003873                0900000000000000000000000000000000000000000000000000000   000000000000000000000039009        170192477882     
0010001300152U 090000000000000000000000000000000000000000000000000000000000000000000000000000000000000000000000000000000000000000000000002301202500000000            000000000000000                              000                           
0010001300153T 0901897X0000000092096 24778822400003881   70000000000038811912202400000000006243000101849X000003881                0900000000000000000000000000000000000000000000000000000   000000000000000000000039009        170192477882     
0010001300154U 090000000000000000000000000000000000000000000000000000000000000000000000000000000000000000000000000000000000000000000000002301202500000000            000000000000000                              000                           
0010001300155T 0901897X0000000092096 24778822400003901   700000000000390119122024000000000061834001000566000003901                0900000000000000000000000000000000000000000000000000000   000000000000000000000039009        170192477882     
0010001300156U 090000000000000000000000000000000000000000000000000000000000000000000000000000000000000000000000000000000000000000000000002301202500000000            000000000000000                              000                           
0010001300157T 0901897X0000000092096 24778822400003905   700000000000390519122024000000000061139001004154000003905                0900000000000000000000000000000000000000000000000000000   000000000000000000000039009        170192477882     
0010001300158U 090000000000000000000000000000000000000000000000000000000000000000000000000000000000000000000000000000000000000000000000002301202500000000            000000000000000                              000                           
0010001300159T 0901897X0000000092096 24778822400003913   700000000000391319122024000000000060350001009946000003913                0900000000000000000000000000000000000000000000000000000   000000000000000000000039009        170192477882     
0010001300160U 090000000000000000000000000000000000000000000000000000000000000000000000000000000000000000000000000000000000000000000000002301202500000000            000000000000000                              000                           
0010001300161T 0901897X0000000092096 24778822400003917   700000000000391719122024000000000060017001003417000003917                0900000000000000000000000000000000000000000000000000000   000000000000000000000039009        170192477882     
0010001300162U 090000000000000000000000000000000000000000000000000000000000000000000000000000000000000000000000000000000000000000000000002301202500000000            000000000000000                              000                           
0010001300163T 0901897X0000000092096 24778822400003953   700000000000395319122024000000000058919001004561000003953                0900000000000000000000000000000000000000000000000000000   000000000000000000000039009        170192477882     
0010001300164U 090000000000000000000000000000000000000000000000000000000000000000000000000000000000000000000000000000000000000000000000002301202500000000            000000000000000                              000                           
0010001300165T 0901897X0000000092096 24778822400003969   700000000000396919122024000000000058553001014753000003969                0900000000000000000000000000000000000000000000000000000   000000000000000000000039009        170192477882     
0010001300166U 090000000000000000000000000000000000000000000000000000000000000000000000000000000000000000000000000000000000000000000000002301202500000000            000000000000000                              000                           
0010001300167T 0901897X0000000092096 24778822400003993   700000000000399319122024000000000058553001000566000003993                0900000000000000000000000000000000000000000000000000000   000000000000000000000039009        170192477882     
0010001300168U 090000000000000000000000000000000000000000000000000000000000000000000000000000000000000000000000000000000000000000000000002301202500000000            000000000000000                              000                           
0010001300169T 0901897X0000000092096 24778822400004017   70000000000040171912202400000000005761100100037X000004017                0900000000000000000000000000000000000000000000000000000   000000000000000000000039009        170192477882     
0010001300170U 090000000000000000000000000000000000000000000000000000000000000000000000000000000000000000000000000000000000000000000000002301202500000000            000000000000000                              000                           
0010001300171T 0901897X0000000092096 24778822400004025   700000000000402519122024000000000057502001003190000004025                0900000000000000000000000000000000000000000000000000000   000000000000000000000039009        170192477882     
0010001300172U 090000000000000000000000000000000000000000000000000000000000000000000000000000000000000000000000000000000000000000000000002301202500000000            000000000000000                              000                           
0010001300173T 0901897X0000000092096 24778822400004029   700000000000402919122024000000000057236001069833000004029                0900000000000000000000000000000000000000000000000000000   000000000000000000000039009        170192477882     
0010001300174U 090000000000000000000000000000000000000000000000000000000000000000000000000000000000000000000000000000000000000000000000002301202500000000            000000000000000                              000                           
0010001300175T 0901897X0000000092096 24778822400004057   700000000000405719122024000000000056614001006831000004057                0900000000000000000000000000000000000000000000000000000   000000000000000000000039009        170192477882     
0010001300176U 090000000000000000000000000000000000000000000000000000000000000000000000000000000000000000000000000000000000000000000000002301202500000000            000000000000000                              000                           
0010001300177T 0901897X0000000092096 24778822400004073   700000000000407319122024000000000056308001023248000004073                0900000000000000000000000000000000000000000000000000000   000000000000000000000039009        170192477882     
0010001300178U 090000000000000000000000000000000000000000000000000000000000000000000000000000000000000000000000000000000000000000000000002301202500000000            000000000000000                              000                           
0010001300179T 0901897X0000000092096 24778822400004093   700000000000409319122024000000000055955001003190000004093                0900000000000000000000000000000000000000000000000000000   000000000000000000000039009        170192477882     
0010001300180U 090000000000000000000000000000000000000000000000000000000000000000000000000000000000000000000000000000000000000000000000002301202500000000            000000000000000                              000                           
0010001300181T 0901897X0000000092096 24778822400004133   700000000000413319122024000000000054055001009296000004133                0900000000000000000000000000000000000000000000000000000   000000000000000000000039009        170192477882     
0010001300182U 090000000000000000000000000000000000000000000000000000000000000000000000000000000000000000000000000000000000000000000000002301202500000000            000000000000000                              000                           
0010001300183T 0901897X0000000092096 24778822400004141   700000000000414119122024000000000054016001001678000004141                0900000000000000000000000000000000000000000000000000000   000000000000000000000039009        170192477882     
0010001300184U 090000000000000000000000000000000000000000000000000000000000000000000000000000000000000000000000000000000000000000000000002301202500000000            000000000000000                              000                           
0010001300185T 0901897X0000000092096 24778822400004145   700000000000414519122024000000000053943001004561000004145                0900000000000000000000000000000000000000000000000000000   000000000000000000000039009        170192477882     
0010001300186U 090000000000000000000000000000000000000000000000000000000000000000000000000000000000000000000000000000000000000000000000002301202500000000            000000000000000                              000                           
0010001300187T 0901897X0000000092096 24778822400004161   700000000000416119122024000000000053158001003409000004161                0900000000000000000000000000000000000000000000000000000   000000000000000000000039009        170192477882     
0010001300188U 090000000000000000000000000000000000000000000000000000000000000000000000000000000000000000000000000000000000000000000000002301202500000000            000000000000000                              000                           
0010001300189T 0901897X0000000092096 24778822400004181   700000000000418119122024000000000052698001000566000004181                0900000000000000000000000000000000000000000000000000000   000000000000000000000039009        170192477882     
0010001300190U 090000000000000000000000000000000000000000000000000000000000000000000000000000000000000000000000000000000000000000000000002301202500000000            000000000000000                              000                           
0010001300191T 0901897X0000000092096 24778822400004213   70000000000042131912202400000000005147600101849X000004213                0900000000000000000000000000000000000000000000000000000   000000000000000000000039009        170192477882     
0010001300192U 090000000000000000000000000000000000000000000000000000000000000000000000000000000000000000000000000000000000000000000000002301202500000000            000000000000000                              000                           
0010001300193T 0901897X0000000092096 24778822400004217   700000000000421719122024000000000051435001004154000004217                0900000000000000000000000000000000000000000000000000000   000000000000000000000039009        170192477882     
0010001300194U 090000000000000000000000000000000000000000000000000000000000000000000000000000000000000000000000000000000000000000000000002301202500000000            000000000000000                              000                           
0010001300195T 0901897X0000000092096 24778822400004245   700000000000424519122024000000000050868001000566000004245                0900000000000000000000000000000000000000000000000000000   000000000000000000000039009        170192477882     
0010001300196U 090000000000000000000000000000000000000000000000000000000000000000000000000000000000000000000000000000000000000000000000002301202500000000            000000000000000                              000                           
0010001300197T 0901897X0000000092096 24778822400004269   700000000000426919122024000000000050502001001678000004269                0900000000000000000000000000000000000000000000000000000   000000000000000000000039009        170192477882     
0010001300198U 090000000000000000000000000000000000000000000000000000000000000000000000000000000000000000000000000000000000000000000000002301202500000000            000000000000000                              000                           
0010001300199T 0901897X0000000092096 24778822400004281   700000000000428119122024000000000049771001001678000004281                0900000000000000000000000000000000000000000000000000000   000000000000000000000039009        170192477882     
0010001300200U 090000000000000000000000000000000000000000000000000000000000000000000000000000000000000000000000000000000000000000000000002301202500000000            000000000000000                              000                           
0010001300201T 0901897X0000000092096 24778822400004297   700000000000429719122024000000000048851001000566000004297                0900000000000000000000000000000000000000000000000000000   000000000000000000000039009        170192477882     
0010001300202U 090000000000000000000000000000000000000000000000000000000000000000000000000000000000000000000000000000000000000000000000002301202500000000            000000000000000                              000                           
0010001300203T 0901897X0000000092096 24778822400004301   700000000000430119122024000000000048160001003409000004301                0900000000000000000000000000000000000000000000000000000   000000000000000000000039009        170192477882     
0010001300204U 090000000000000000000000000000000000000000000000000000000000000000000000000000000000000000000000000000000000000000000000002301202500000000            000000000000000                              000                           
0010001300205T 0901897X0000000092096 24778822400004325   700000000000432519122024000000000047301001004561000004325                0900000000000000000000000000000000000000000000000000000   000000000000000000000039009        170192477882     
0010001300206U 090000000000000000000000000000000000000000000000000000000000000000000000000000000000000000000000000000000000000000000000002301202500000000            000000000000000                              000                           
0010001300207T 0901897X0000000092096 24778822400004337   700000000000433719122024000000000046338001003018000004337                0900000000000000000000000000000000000000000000000000000   000000000000000000000039009        170192477882     
0010001300208U 090000000000000000000000000000000000000000000000000000000000000000000000000000000000000000000000000000000000000000000000002301202500000000            000000000000000                              000                           
0010001300209T 0901897X0000000092096 24778822400004349   70000000000043491912202400000000004566400101849X000004349                0900000000000000000000000000000000000000000000000000000   000000000000000000000039009        170192477882     
0010001300210U 090000000000000000000000000000000000000000000000000000000000000000000000000000000000000000000000000000000000000000000000002301202500000000            000000000000000                              000                           
0010001300211T 0901897X0000000092096 24778822400004353   700000000000435319122024000000000045304001009946000004353                0900000000000000000000000000000000000000000000000000000   000000000000000000000039009        170192477882     
0010001300212U 090000000000000000000000000000000000000000000000000000000000000000000000000000000000000000000000000000000000000000000000002301202500000000            000000000000000                              000                           
0010001300213T 0901897X0000000092096 24778822400004377   70000000000043771912202400000000004430600101849X000004377                0900000000000000000000000000000000000000000000000000000   000000000000000000000039009        170192477882     
0010001300214U 090000000000000000000000000000000000000000000000000000000000000000000000000000000000000000000000000000000000000000000000002301202500000000            000000000000000                              000                           
0010001300215T 0901897X0000000092096 24778822400004381   700000000000438119122024000000000044286001003409000004381                0900000000000000000000000000000000000000000000000000000   000000000000000000000039009        170192477882     
0010001300216U 090000000000000000000000000000000000000000000000000000000000000000000000000000000000000000000000000000000000000000000000002301202500000000            000000000000000                              000                           
0010001300217T 0901897X0000000092096 24778822400004385   700000000000438519122024000000000044235001003190000004385                0900000000000000000000000000000000000000000000000000000   000000000000000000000039009        170192477882     
0010001300218U 090000000000000000000000000000000000000000000000000000000000000000000000000000000000000000000000000000000000000000000000002301202500000000            000000000000000                              000                           
0010001300219T 0901897X0000000092096 24778822400004393   700000000000439319122024000000000043915001003409000004393                0900000000000000000000000000000000000000000000000000000   000000000000000000000039009        170192477882     
0010001300220U 090000000000000000000000000000000000000000000000000000000000000000000000000000000000000000000000000000000000000000000000002301202500000000            000000000000000                              000                           
0010001300221T 0901897X0000000092096 24778822400004417   700000000000441719122024000000000043915001069833000004417                0900000000000000000000000000000000000000000000000000000   000000000000000000000039009        170192477882     
0010001300222U 090000000000000000000000000000000000000000000000000000000000000000000000000000000000000000000000000000000000000000000000002301202500000000            000000000000000                              000                           
0010001300223T 0901897X0000000092096 24778822400004421   70000000000044211912202400000000004388000101513X000004421                0900000000000000000000000000000000000000000000000000000   000000000000000000000039009        170192477882     
0010001300224U 090000000000000000000000000000000000000000000000000000000000000000000000000000000000000000000000000000000000000000000000002301202500000000            000000000000000                              000                           
0010001300225T 0901897X0000000092096 24778822400004441   700000000000444119122024000000000043256001004154000004441                0900000000000000000000000000000000000000000000000000000   000000000000000000000039009        170192477882     
0010001300226U 090000000000000000000000000000000000000000000000000000000000000000000000000000000000000000000000000000000000000000000000002301202500000000            000000000000000                              000                           
0010001300227T 0901897X0000000092096 24778822400004453   700000000000445319122024000000000043086001009903000004453                0900000000000000000000000000000000000000000000000000000   000000000000000000000039009        170192477882     
0010001300228U 090000000000000000000000000000000000000000000000000000000000000000000000000000000000000000000000000000000000000000000000002301202500000000            000000000000000                              000                           
0010001300229T 0901897X0000000092096 24778822400004457   700000000000445719122024000000000042817001004154000004457                0900000000000000000000000000000000000000000000000000000   000000000000000000000039009        170192477882     
0010001300230U 090000000000000000000000000000000000000000000000000000000000000000000000000000000000000000000000000000000000000000000000002301202500000000            000000000000000                              000                           
0010001300231T 0901897X0000000092096 24778822400004489   700000000000448919122024000000000042341001014753000004489                0900000000000000000000000000000000000000000000000000000   000000000000000000000039009        170192477882     
0010001300232U 090000000000000000000000000000000000000000000000000000000000000000000000000000000000000000000000000000000000000000000000002301202500000000            000000000000000                              000                           
0010001300233T 0901897X0000000092096 24778822400004509   700000000000450919122024000000000040987001004561000004509                0900000000000000000000000000000000000000000000000000000   000000000000000000000039009        170192477882     
0010001300234U 090000000000000000000000000000000000000000000000000000000000000000000000000000000000000000000000000000000000000000000000002301202500000000            000000000000000                              000                           
0010001300235T 0901897X0000000092096 24778822400004513   700000000000451319122024000000000040702001026565000004513                0900000000000000000000000000000000000000000000000000000   000000000000000000000039009        170192477882     
0010001300236U 090000000000000000000000000000000000000000000000000000000000000000000000000000000000000000000000000000000000000000000000002301202500000000            000000000000000                              000                           
0010001300237T 0901897X0000000092096 24778822400004517   700000000000451719122024000000000040438001007994000004517                0900000000000000000000000000000000000000000000000000000   000000000000000000000039009        170192477882     
0010001300238U 090000000000000000000000000000000000000000000000000000000000000000000000000000000000000000000000000000000000000000000000002301202500000000            000000000000000                              000                           
0010001300239T 0901897X0000000092096 24778822400004565   700000000000456519122024000000000039381001009946000004565                0900000000000000000000000000000000000000000000000000000   000000000000000000000039009        170192477882     
0010001300240U 090000000000000000000000000000000000000000000000000000000000000000000000000000000000000000000000000000000000000000000000002301202500000000            000000000000000                              000                           
0010001300241T 0901897X0000000092096 24778822400004625   700000000000462519122024000000000037547001003409000004625                0900000000000000000000000000000000000000000000000000000   000000000000000000000039009        170192477882     
0010001300242U 090000000000000000000000000000000000000000000000000000000000000000000000000000000000000000000000000000000000000000000000002301202500000000            000000000000000                              000                           
0010001300243T 0901897X0000000092096 24778822400004669   700000000000466919122024000000000036596001001724000004669                0900000000000000000000000000000000000000000000000000000   000000000000000000000039009        170192477882     
0010001300244U 090000000000000000000000000000000000000000000000000000000000000000000000000000000000000000000000000000000000000000000000002301202500000000            000000000000000                              000                           
0010001300245T 0901897X0000000092096 24778822400004725   700000000000472519122024000000000036162001003018000004725                0900000000000000000000000000000000000000000000000000000   000000000000000000000039009        170192477882     
0010001300246U 090000000000000000000000000000000000000000000000000000000000000000000000000000000000000000000000000000000000000000000000002301202500000000            000000000000000                              000                           
0010001300247T 0901897X0000000092096 24778822400004757   700000000000475719122024000000000035653001006998000004757                0900000000000000000000000000000000000000000000000000000   000000000000000000000039009        170192477882     
0010001300248U 090000000000000000000000000000000000000000000000000000000000000000000000000000000000000000000000000000000000000000000000002301202500000000            000000000000000                              000                           
0010001300249T 0901897X0000000092096 24778822400004773   700000000000477319122024000000000035490001003018000004773                0900000000000000000000000000000000000000000000000000000   000000000000000000000039009        170192477882     
0010001300250U 090000000000000000000000000000000000000000000000000000000000000000000000000000000000000000000000000000000000000000000000002301202500000000            000000000000000                              000                           
0010001300251T 0901897X0000000092096 24778822400004789   700000000000478919122024000000000035132001003409000004789                0900000000000000000000000000000000000000000000000000000   000000000000000000000039009        170192477882     
0010001300252U 090000000000000000000000000000000000000000000000000000000000000000000000000000000000000000000000000000000000000000000000002301202500000000            000000000000000                              000                           
0010001300253T 0901897X0000000092096 24778822400004817   700000000000481719122024000000000034567001003018000004817                0900000000000000000000000000000000000000000000000000000   000000000000000000000039009        170192477882     
0010001300254U 090000000000000000000000000000000000000000000000000000000000000000000000000000000000000000000000000000000000000000000000002301202500000000            000000000000000                              000                           
0010001300255T 0901897X0000000092096 24778822400004873   700000000000487319122024000000000033792001008117000004873                0900000000000000000000000000000000000000000000000000000   000000000000000000000039009        170192477882     
0010001300256U 090000000000000000000000000000000000000000000000000000000000000000000000000000000000000000000000000000000000000000000000002301202500000000            000000000000000                              000                           
0010001300257T 0901897X0000000092096 24778822400004877   700000000000487719122024000000000033668001009946000004877                0900000000000000000000000000000000000000000000000000000   000000000000000000000039009        170192477882     
0010001300258U 090000000000000000000000000000000000000000000000000000000000000000000000000000000000000000000000000000000000000000000000002301202500000000            000000000000000                              000                           
0010001300259T 0901897X0000000092096 24778822400004901   700000000000490119122024000000000033083001003409000004901                0900000000000000000000000000000000000000000000000000000   000000000000000000000039009        170192477882     
0010001300260U 090000000000000000000000000000000000000000000000000000000000000000000000000000000000000000000000000000000000000000000000002301202500000000            000000000000000                              000                           
0010001300261T 0901897X0000000092096 24778822400004913   70000000000049131912202400000000003294900100216X000004913                0900000000000000000000000000000000000000000000000000000   000000000000000000000039009        170192477882     
0010001300262U 090000000000000000000000000000000000000000000000000000000000000000000000000000000000000000000000000000000000000000000000002301202500000000            000000000000000                              000                           
0010001300263T 0901897X0000000092096 24778822400004921   700000000000492119122024000000000032936001003190000004921                0900000000000000000000000000000000000000000000000000000   000000000000000000000039009        170192477882     
0010001300264U 090000000000000000000000000000000000000000000000000000000000000000000000000000000000000000000000000000000000000000000000002301202500000000            000000000000000                              000                           
0010001300265T 0901897X0000000092096 24778822400004933   700000000000493319122024000000000032936001009946000004933                0900000000000000000000000000000000000000000000000000000   000000000000000000000039009        170192477882     
0010001300266U 090000000000000000000000000000000000000000000000000000000000000000000000000000000000000000000000000000000000000000000000002301202500000000            000000000000000                              000                           
0010001300267T 0901897X0000000092096 24778822400004937   70000000000049371912202400000000003293600101849X000004937                0900000000000000000000000000000000000000000000000000000   000000000000000000000039009        170192477882     
0010001300268U 090000000000000000000000000000000000000000000000000000000000000000000000000000000000000000000000000000000000000000000000002301202500000000            000000000000000                              000                           
0010001300269T 0901897X0000000092096 24778822400004941   70000000000049411912202400000000003291500101849X000004941                0900000000000000000000000000000000000000000000000000000   000000000000000000000039009        170192477882     
0010001300270U 090000000000000000000000000000000000000000000000000000000000000000000000000000000000000000000000000000000000000000000000002301202500000000            000000000000000                              000                           
0010001300271T 0901897X0000000092096 24778822400004969   700000000000496919122024000000000032465001003409000004969                0900000000000000000000000000000000000000000000000000000   000000000000000000000039009        170192477882     
0010001300272U 090000000000000000000000000000000000000000000000000000000000000000000000000000000000000000000000000000000000000000000000002301202500000000            000000000000000                              000                           
0010001300273T 0901897X0000000092096 24778822400004985   700000000000498519122024000000000032176001026816000004985                0900000000000000000000000000000000000000000000000000000   000000000000000000000039009        170192477882     
0010001300274U 090000000000000000000000000000000000000000000000000000000000000000000000000000000000000000000000000000000000000000000000002301202500000000            000000000000000                              000                           
0010001300275T 0901897X0000000092096 24778822400005013   700000000000501319122024000000000031956001004596000005013                0900000000000000000000000000000000000000000000000000000   000000000000000000000039009        170192477882     
0010001300276U 090000000000000000000000000000000000000000000000000000000000000000000000000000000000000000000000000000000000000000000000002301202500000000            000000000000000                              000                           
0010001300277T 0901897X0000000092096 24778822400005017   700000000000501719122024000000000031857001007994000005017                0900000000000000000000000000000000000000000000000000000   000000000000000000000039009        170192477882     
0010001300278U 090000000000000000000000000000000000000000000000000000000000000000000000000000000000000000000000000000000000000000000000002301202500000000            000000000000000                              000                           
0010001300279T 0901897X0000000092096 24778822400005037   700000000000503719122024000000000031472001041467000005037                0900000000000000000000000000000000000000000000000000000   000000000000000000000039009        170192477882     
0010001300280U 090000000000000000000000000000000000000000000000000000000000000000000000000000000000000000000000000000000000000000000000002301202500000000            000000000000000                              000                           
0010001300281T 0901897X0000000092096 24778822400005053   700000000000505319122024000000000031100001004154000005053                0900000000000000000000000000000000000000000000000000000   000000000000000000000039009        170192477882     
0010001300282U 090000000000000000000000000000000000000000000000000000000000000000000000000000000000000000000000000000000000000000000000002301202500000000            000000000000000                              000                           
0010001300283T 0901897X0000000092096 24778822400005061   70000000000050611912202400000000003107500101849X000005061                0900000000000000000000000000000000000000000000000000000   000000000000000000000039009        170192477882     
0010001300284U 090000000000000000000000000000000000000000000000000000000000000000000000000000000000000000000000000000000000000000000000002301202500000000            000000000000000                              000                           
0010001300285T 0901897X0000000092096 24778822400005065   700000000000506519122024000000000031040001003409000005065                0900000000000000000000000000000000000000000000000000000   000000000000000000000039009        170192477882     
0010001300286U 090000000000000000000000000000000000000000000000000000000000000000000000000000000000000000000000000000000000000000000000002301202500000000            000000000000000                              000                           
0010001300287T 0901897X0000000092096 24778822400005069   700000000000506919122024000000000030964001000566000005069                0900000000000000000000000000000000000000000000000000000   000000000000000000000039009        170192477882     
0010001300288U 090000000000000000000000000000000000000000000000000000000000000000000000000000000000000000000000000000000000000000000000002301202500000000            000000000000000                              000                           
0010001300289T 0901897X0000000092096 24778822400005073   700000000000507319122024000000000030952001003018000005073                0900000000000000000000000000000000000000000000000000000   000000000000000000000039009        170192477882     
0010001300290U 090000000000000000000000000000000000000000000000000000000000000000000000000000000000000000000000000000000000000000000000002301202500000000            000000000000000                              000                           
0010001300291T 0901897X0000000092096 24778822400005093   70000000000050931912202400000000003037500101849X000005093                0900000000000000000000000000000000000000000000000000000   000000000000000000000039009        170192477882     
0010001300292U 090000000000000000000000000000000000000000000000000000000000000000000000000000000000000000000000000000000000000000000000002301202500000000            000000000000000                              000                           
0010001300293T 0901897X0000000092096 24778822400005101   700000000000510119122024000000000030301001004154000005101                0900000000000000000000000000000000000000000000000000000   000000000000000000000039009        170192477882     
0010001300294U 090000000000000000000000000000000000000000000000000000000000000000000000000000000000000000000000000000000000000000000000002301202500000000            000000000000000                              000                           
0010001300295T 0901897X0000000092096 24778822400005129   70000000000051291912202400000000002992300100216X000005129                0900000000000000000000000000000000000000000000000000000   000000000000000000000039009        170192477882     
0010001300296U 090000000000000000000000000000000000000000000000000000000000000000000000000000000000000000000000000000000000000000000000002301202500000000            000000000000000                              000                           
0010001300297T 0901897X0000000092096 24778822400005133   700000000000513319122024000000000029868001003409000005133                0900000000000000000000000000000000000000000000000000000   000000000000000000000039009        170192477882     
0010001300298U 090000000000000000000000000000000000000000000000000000000000000000000000000000000000000000000000000000000000000000000000002301202500000000            000000000000000                              000                           
0010001300299T 0901897X0000000092096 24778822400005169   70000000000051691912202400000000002927700100037X000005169                0900000000000000000000000000000000000000000000000000000   000000000000000000000039009        170192477882     
0010001300300U 090000000000000000000000000000000000000000000000000000000000000000000000000000000000000000000000000000000000000000000000002301202500000000            000000000000000                              000                           
0010001300301T 0901897X0000000092096 24778822400005189   700000000000518919122024000000000029277001026565000005189                0900000000000000000000000000000000000000000000000000000   000000000000000000000039009        170192477882     
0010001300302U 090000000000000000000000000000000000000000000000000000000000000000000000000000000000000000000000000000000000000000000000002301202500000000            000000000000000                              000                           
0010001300303T 0901897X0000000092096 24778822400005201   700000000000520119122024000000000029094001004154000005201                0900000000000000000000000000000000000000000000000000000   000000000000000000000039009        170192477882     
0010001300304U 090000000000000000000000000000000000000000000000000000000000000000000000000000000000000000000000000000000000000000000000002301202500000000            000000000000000                              000                           
0010001300305T 0901897X0000000092096 24778822400005213   700000000000521319122024000000000028748001003190000005213                0900000000000000000000000000000000000000000000000000000   000000000000000000000039009        170192477882     
0010001300306U 090000000000000000000000000000000000000000000000000000000000000000000000000000000000000000000000000000000000000000000000002301202500000000            000000000000000                              000                           
0010001300307T 0901897X0000000092096 24778822400005221   700000000000522119122024000000000028397001004561000005221                0900000000000000000000000000000000000000000000000000000   000000000000000000000039009        170192477882     
0010001300308U 090000000000000000000000000000000000000000000000000000000000000000000000000000000000000000000000000000000000000000000000002301202500000000            000000000000000                              000                           
0010001300309T 0901897X0000000092096 24778822400005241   700000000000524119122024000000000027813001003018000005241                0900000000000000000000000000000000000000000000000000000   000000000000000000000039009        170192477882     
0010001300310U 090000000000000000000000000000000000000000000000000000000000000000000000000000000000000000000000000000000000000000000000002301202500000000            000000000000000                              000                           
0010001300311T 0901897X0000000092096 24778822400005249   700000000000524919122024000000000027789001003409000005249                0900000000000000000000000000000000000000000000000000000   000000000000000000000039009        170192477882     
0010001300312U 090000000000000000000000000000000000000000000000000000000000000000000000000000000000000000000000000000000000000000000000002301202500000000            000000000000000                              000                           
0010001300313T 0901897X0000000092096 24778822400005277   70000000000052771912202400000000002726000101849X000005277                0900000000000000000000000000000000000000000000000000000   000000000000000000000039009        170192477882     
0010001300314U 090000000000000000000000000000000000000000000000000000000000000000000000000000000000000000000000000000000000000000000000002301202500000000            000000000000000                              000                           
0010001300315T 0901897X0000000092096 24778822400005297   70000000000052971912202400000000002695100101849X000005297                0900000000000000000000000000000000000000000000000000000   000000000000000000000039009        170192477882     
0010001300316U 090000000000000000000000000000000000000000000000000000000000000000000000000000000000000000000000000000000000000000000000002301202500000000            000000000000000                              000                           
0010001300317T 0901897X0000000092096 24778822400005305   700000000000530519122024000000000026752001001678000005305                0900000000000000000000000000000000000000000000000000000   000000000000000000000039009        170192477882     
0010001300318U 090000000000000000000000000000000000000000000000000000000000000000000000000000000000000000000000000000000000000000000000002301202500000000            000000000000000                              000                           
0010001300319T 0901897X0000000092096 24778822400005313   700000000000531319122024000000000026681001001724000005313                0900000000000000000000000000000000000000000000000000000   000000000000000000000039009        170192477882     
0010001300320U 090000000000000000000000000000000000000000000000000000000000000000000000000000000000000000000000000000000000000000000000002301202500000000            000000000000000                              000                           
0010001300321T 0901897X0000000092096 24778822400005345   70000000000053451912202400000000002616300101849X000005345                0900000000000000000000000000000000000000000000000000000   000000000000000000000039009        170192477882     
0010001300322U 090000000000000000000000000000000000000000000000000000000000000000000000000000000000000000000000000000000000000000000000002301202500000000            000000000000000                              000                           
0010001300323T 0901897X0000000092096 24778822400005385   70000000000053851912202400000000002554600101849X000005385                0900000000000000000000000000000000000000000000000000000   000000000000000000000039009        170192477882     
0010001300324U 090000000000000000000000000000000000000000000000000000000000000000000000000000000000000000000000000000000000000000000000002301202500000000            000000000000000                              000                           
0010001300325T 0901897X0000000092096 24778822400005393   700000000000539319122024000000000025486001001678000005393                0900000000000000000000000000000000000000000000000000000   000000000000000000000039009        170192477882     
0010001300326U 090000000000000000000000000000000000000000000000000000000000000000000000000000000000000000000000000000000000000000000000002301202500000000            000000000000000                              000                           
0010001300327T 0901897X0000000092096 24778822400005417   70000000000054171912202400000000002502600101849X000005417                0900000000000000000000000000000000000000000000000000000   000000000000000000000039009        170192477882     
0010001300328U 090000000000000000000000000000000000000000000000000000000000000000000000000000000000000000000000000000000000000000000000002301202500000000            000000000000000                              000                           
0010001300329T 0901897X0000000092096 24778822400005461   700000000000546119122024000000000023940001041467000005461                0900000000000000000000000000000000000000000000000000000   000000000000000000000039009        170192477882     
0010001300330U 090000000000000000000000000000000000000000000000000000000000000000000000000000000000000000000000000000000000000000000000002301202500000000            000000000000000                              000                           
0010001300331T 0901897X0000000092096 24778822400005485   70000000000054851912202400000000002346200101849X000005485                0900000000000000000000000000000000000000000000000000000   000000000000000000000039009        170192477882     
0010001300332U 090000000000000000000000000000000000000000000000000000000000000000000000000000000000000000000000000000000000000000000000002301202500000000            000000000000000                              000                           
0010001300333T 0901897X0000000092096 24778822400005489   700000000000548919122024000000000023421001041467000005489                0900000000000000000000000000000000000000000000000000000   000000000000000000000039009        170192477882     
0010001300334U 090000000000000000000000000000000000000000000000000000000000000000000000000000000000000000000000000000000000000000000000002301202500000000            000000000000000                              000                           
0010001300335T 0901897X0000000092096 24778822400005493   700000000000549319122024000000000023421001009903000005493                0900000000000000000000000000000000000000000000000000000   000000000000000000000039009        170192477882     
0010001300336U 090000000000000000000000000000000000000000000000000000000000000000000000000000000000000000000000000000000000000000000000002301202500000000            000000000000000                              000                           
0010001300337T 0901897X0000000092096 24778822400005513   70000000000055131912202400000000002308800101513X000005513                0900000000000000000000000000000000000000000000000000000   000000000000000000000039009        170192477882     
0010001300338U 090000000000000000000000000000000000000000000000000000000000000000000000000000000000000000000000000000000000000000000000002301202500000000            000000000000000                              000                           
0010001300339T 0901897X0000000092096 24778822400005517   70000000000055171912202400000000002305500101849X000005517                0900000000000000000000000000000000000000000000000000000   000000000000000000000039009        170192477882     
0010001300340U 090000000000000000000000000000000000000000000000000000000000000000000000000000000000000000000000000000000000000000000000002301202500000000            000000000000000                              000                           
0010001300341T 0901897X0000000092096 24778822400005525   700000000000552519122024000000000023055001003409000005525                0900000000000000000000000000000000000000000000000000000   000000000000000000000039009        170192477882     
0010001300342U 090000000000000000000000000000000000000000000000000000000000000000000000000000000000000000000000000000000000000000000000002301202500000000            000000000000000                              000                           
0010001300343T 0901897X0000000092096 24778822400005533   700000000000553319122024000000000022975001001724000005533                0900000000000000000000000000000000000000000000000000000   000000000000000000000039009        170192477882     
0010001300344U 090000000000000000000000000000000000000000000000000000000000000000000000000000000000000000000000000000000000000000000000002301202500000000            000000000000000                              000                           
0010001300345T 0901897X0000000092096 24778822400005545   70000000000055451912202400000000002266900101513X000005545                0900000000000000000000000000000000000000000000000000000   000000000000000000000039009        170192477882     
0010001300346U 090000000000000000000000000000000000000000000000000000000000000000000000000000000000000000000000000000000000000000000000002301202500000000            000000000000000                              000                           
0010001300347T 0901897X0000000092096 24778822400005549   700000000000554919122024000000000022660001001724000005549                0900000000000000000000000000000000000000000000000000000   000000000000000000000039009        170192477882     
0010001300348U 090000000000000000000000000000000000000000000000000000000000000000000000000000000000000000000000000000000000000000000000002301202500000000            000000000000000                              000                           
0010001300349T 0901897X0000000092096 24778822400005557   700000000000555719122024000000000022611001001678000005557                0900000000000000000000000000000000000000000000000000000   000000000000000000000039009        170192477882     
0010001300350U 090000000000000000000000000000000000000000000000000000000000000000000000000000000000000000000000000000000000000000000000002301202500000000            000000000000000                              000                           
0010001300351T 0901897X0000000092096 24778822400005565   700000000000556519122024000000000022573001003409000005565                0900000000000000000000000000000000000000000000000000000   000000000000000000000039009        170192477882     
0010001300352U 090000000000000000000000000000000000000000000000000000000000000000000000000000000000000000000000000000000000000000000000002301202500000000            000000000000000                              000                           
0010001300353T 0901897X0000000092096 24778822400005569   700000000000556919122024000000000022559001004596000005569                0900000000000000000000000000000000000000000000000000000   000000000000000000000039009        170192477882     
0010001300354U 090000000000000000000000000000000000000000000000000000000000000000000000000000000000000000000000000000000000000000000000002301202500000000            000000000000000                              000                           
0010001300355T 0901897X0000000092096 24778822400005573   700000000000557319122024000000000022523001009946000005573                0900000000000000000000000000000000000000000000000000000   000000000000000000000039009        170192477882     
0010001300356U 090000000000000000000000000000000000000000000000000000000000000000000000000000000000000000000000000000000000000000000000002301202500000000            000000000000000                              000                           
0010001300357T 0901897X0000000092096 24778822400005585   700000000000558519122024000000000022287001045888000005585                0900000000000000000000000000000000000000000000000000000   000000000000000000000039009        170192477882     
0010001300358U 090000000000000000000000000000000000000000000000000000000000000000000000000000000000000000000000000000000000000000000000002301202500000000            000000000000000                              000                           
0010001300359T 0901897X0000000092096 24778822400005597   700000000000559719122024000000000021958001014753000005597                0900000000000000000000000000000000000000000000000000000   000000000000000000000039009        170192477882     
0010001300360U 090000000000000000000000000000000000000000000000000000000000000000000000000000000000000000000000000000000000000000000000002301202500000000            000000000000000                              000                           
0010001300361T 0901897X0000000092096 24778822400005605   700000000000560519122024000000000021958001045888000005605                0900000000000000000000000000000000000000000000000000000   000000000000000000000039009        170192477882     
0010001300362U 090000000000000000000000000000000000000000000000000000000000000000000000000000000000000000000000000000000000000000000000002301202500000000            000000000000000                              000                           
0010001300363T 0901897X0000000092096 24778822400005617   700000000000561719122024000000000021958001003409000005617                0900000000000000000000000000000000000000000000000000000   000000000000000000000039009        170192477882     
0010001300364U 090000000000000000000000000000000000000000000000000000000000000000000000000000000000000000000000000000000000000000000000002301202500000000            000000000000000                              000                           
0010001300365T 0901897X0000000092096 24778822400005633   700000000000563319122024000000000021958001009903000005633                0900000000000000000000000000000000000000000000000000000   000000000000000000000039009        170192477882     
0010001300366U 090000000000000000000000000000000000000000000000000000000000000000000000000000000000000000000000000000000000000000000000002301202500000000            000000000000000                              000                           
0010001300367T 0901897X0000000092096 24778822400005657   700000000000565719122024000000000021958001021717000005657                0900000000000000000000000000000000000000000000000000000   000000000000000000000039009        170192477882     
0010001300368U 090000000000000000000000000000000000000000000000000000000000000000000000000000000000000000000000000000000000000000000000002301202500000000            000000000000000                              000                           
0010001300369T 0901897X0000000092096 24778822400005661   700000000000566119122024000000000021958001020125000005661                0900000000000000000000000000000000000000000000000000000   000000000000000000000039009        170192477882     
0010001300370U 090000000000000000000000000000000000000000000000000000000000000000000000000000000000000000000000000000000000000000000000002301202500000000            000000000000000                              000                           
0010001300371T 0901897X0000000092096 24778822400005681   700000000000568119122024000000000021958001003018000005681                0900000000000000000000000000000000000000000000000000000   000000000000000000000039009        170192477882     
0010001300372U 090000000000000000000000000000000000000000000000000000000000000000000000000000000000000000000000000000000000000000000000002301202500000000            000000000000000                              000                           
0010001300373T 0901897X0000000092096 24778822400005685   70000000000056851912202400000000002189700101849X000005685                0900000000000000000000000000000000000000000000000000000   000000000000000000000039009        170192477882     
0010001300374U 090000000000000000000000000000000000000000000000000000000000000000000000000000000000000000000000000000000000000000000000002301202500000000            000000000000000                              000                           
0010001300375T 0901897X0000000092096 24778822400005705   700000000000570519122024000000000021584001003409000005705                0900000000000000000000000000000000000000000000000000000   000000000000000000000039009        170192477882     
0010001300376U 090000000000000000000000000000000000000000000000000000000000000000000000000000000000000000000000000000000000000000000000002301202500000000            000000000000000                              000                           
0010001300377T 0901897X0000000092096 24778822400005721   700000000000572119122024000000000021510001003409000005721                0900000000000000000000000000000000000000000000000000000   000000000000000000000039009        170192477882     
0010001300378U 090000000000000000000000000000000000000000000000000000000000000000000000000000000000000000000000000000000000000000000000002301202500000000            000000000000000                              000                           
0010001300379T 0901897X0000000092096 24778822400005741   700000000000574119122024000000000021376001009946000005741                0900000000000000000000000000000000000000000000000000000   000000000000000000000039009        170192477882     
0010001300380U 090000000000000000000000000000000000000000000000000000000000000000000000000000000000000000000000000000000000000000000000002301202500000000            000000000000000                              000                           
0010001300381T 0901897X0000000092096 24778822400005745   700000000000574519122024000000000021359001003190000005745                0900000000000000000000000000000000000000000000000000000   000000000000000000000039009        170192477882     
0010001300382U 090000000000000000000000000000000000000000000000000000000000000000000000000000000000000000000000000000000000000000000000002301202500000000            000000000000000                              000                           
0010001300383T 0901897X0000000092096 24778822400005749   700000000000574919122024000000000021329001008117000005749                0900000000000000000000000000000000000000000000000000000   000000000000000000000039009        170192477882     
0010001300384U 090000000000000000000000000000000000000000000000000000000000000000000000000000000000000000000000000000000000000000000000002301202500000000            000000000000000                              000                           
0010001300385T 0901897X0000000092096 24778822400005765   700000000000576519122024000000000021079001023248000005765                0900000000000000000000000000000000000000000000000000000   000000000000000000000039009        170192477882     
0010001300386U 090000000000000000000000000000000000000000000000000000000000000000000000000000000000000000000000000000000000000000000000002301202500000000            000000000000000                              000                           
0010001300387T 0901897X0000000092096 24778822400005777   700000000000577719122024000000000021079001000566000005777                0900000000000000000000000000000000000000000000000000000   000000000000000000000039009        170192477882     
0010001300388U 090000000000000000000000000000000000000000000000000000000000000000000000000000000000000000000000000000000000000000000000002301202500000000            000000000000000                              000                           
0010001300389T 0901897X0000000092096 24778822400005801   700000000000580119122024000000000020809001003409000005801                0900000000000000000000000000000000000000000000000000000   000000000000000000000039009        170192477882     
0010001300390U 090000000000000000000000000000000000000000000000000000000000000000000000000000000000000000000000000000000000000000000000002301202500000000            000000000000000                              000                           
0010001300391T 0901897X0000000092096 24778822400005813   700000000000581319122024000000000020561001001678000005813                0900000000000000000000000000000000000000000000000000000   000000000000000000000039009        170192477882     
0010001300392U 090000000000000000000000000000000000000000000000000000000000000000000000000000000000000000000000000000000000000000000000002301202500000000            000000000000000                              000                           
0010001300393T 0901897X0000000092096 24778822400005817   700000000000581719122024000000000020544001003409000005817                0900000000000000000000000000000000000000000000000000000   000000000000000000000039009        170192477882     
0010001300394U 090000000000000000000000000000000000000000000000000000000000000000000000000000000000000000000000000000000000000000000000002301202500000000            000000000000000                              000                           
0010001300395T 0901897X0000000092096 24778822400005825   700000000000582519122024000000000020494001003409000005825                0900000000000000000000000000000000000000000000000000000   000000000000000000000039009        170192477882     
0010001300396U 090000000000000000000000000000000000000000000000000000000000000000000000000000000000000000000000000000000000000000000000002301202500000000            000000000000000                              000                           
0010001300397T 0901897X0000000092096 24778822400005853   700000000000585319122024000000000020128001009946000005853                0900000000000000000000000000000000000000000000000000000   000000000000000000000039009        170192477882     
0010001300398U 090000000000000000000000000000000000000000000000000000000000000000000000000000000000000000000000000000000000000000000000002301202500000000            000000000000000                              000                           
00100015         000400000072000000000799440780000000000000000000000000000000000000000000000000000000000000000000000000000000000000000000000000000                                                                                              
00199999         000001000402000000                                                                                                                                                            00000000000000000000000000000                    
