00100000         2115139610001160024778820014       01897X0000000092096 FUNDACAO AGENCIA DAS BACIAS HIBANCO DO BRASIL                         21408202502042600618103000000829973081PROCESSAMEN                                                 
00100011T0100020 20115139610001160024778820014       01897X0000000092096 FUNDACAO AGENCIA DAS BACIAS HI                                                                                000000001408202500000000  000000000                      
0010001300001T 0201897X0000000092096 24778829000008767   7000008767      29082025000000000042574001024171000008767                0900000000000010500000000000000000000000000000000000000   0000000000000000000000519A9A4      170192477882     
0010001300002U 020000000000000000000000000000000000000000000000000000000000000000000000000000000000000000000000000000000000000000000000001408202500000000            000000000000000                              000                           
0010001300003T 0201897X0000000092096 24778829000008768   7000008768      29082025000000000030158001024171000008768                0900000000000010000000000000000000000000000000000000000   0000000000000000000000519A9        170192477882     
0010001300004U 020000000000000000000000000000000000000000000000000000000000000000000000000000000000000000000000000000000000000000000000001408202500000000            000000000000000                              000                           
0010001300005T 0601897X0000000092096 24778822500001530   700000000000153029082025000000000026501509000010000001530                0900000000000010100000000000000000000000000000000000000   000000000000000000000000004        170192477882     
0010001300006U 060000000000000000000000000000000000000000000000000000000000000000000000265010000000000265010000000000000000000000000000001408202515082025            000000000000000                              000                           
0010001300007T 0601897X0000000092096 24778822500002291   700000000000229131072025000000000021489341000280000002291                0900000000000010100000000000000000000000000000000000000   000000000000000000000000004        170192477882     
0010001300008U 060000000000005290000000000000000000000000000000000000000000000000000000220180000000000220180000000000000000000000000000001408202515082025            000000000000000                              000                           
0010001300009T 0601897X0000000092096 24778822500004640   700000000000464029082025000000000096527341025180000004640                0900000000000010100000000000000000000000000000000000000   000000000000000000000000004        170192477882     
0010001300010U 060000000000000000000000000000000000000000000000000000000000000000000000965270000000000965270000000000000000000000000000001408202515082025            000000000000000                              000                           
0010001300011T 0601897X0000000092096 24778822500006285   700000000000628529082025000000000037641341008970000006285                0900000000000010100000000000000000000000000000000000000   000000000000000000000000004        170192477882     
0010001300012U 060000000000000000000000000000000000000000000000000000000000000000000000376410000000000376410000000000000000000000000000001408202515082025            000000000000000                              000                           
00100015         000014004635000000014458267540000000000000000000000000000000000000000000000000000000000000000000000000000000000000000000000000000                                                                                              
00199999         000001000016000000                                                                                                                                                            00000000000000000000000000000                    
