00100000         2115139610001160024778820014       01897X0000000092096 FUNDACAO AGENCIA DAS BACIAS HIBANCO DO BRASIL                         21006202502055900608903000000829973081PROCESSAMEN                                                 
00100011T0100020 20115139610001160024778820014       01897X0000000092096 FUNDACAO AGENCIA DAS BACIAS HI                                                                                000000001006202500000000  000000000                      
0010001300001T 0201897X0000000092096 24778829000008619   7000008619      30062025000000000024899001009903000008619                0900000000000010500000000000000000000000000000000000000   0000000000000000000000519A9A4      170192477882     
0010001300002U 020000000000000000000000000000000000000000000000000000000000000000000000000000000000000000000000000000000000000000000000001006202500000000            000000000000000                              000                           
0010001300003T 0601897X0000000092096 24778822500000001   70000000000000013006202500000003491672300103360X000000001                0900000000000010090000000000000000000000000000000000000   000000000000000000000000006        170192477882     
0010001300004U 060000000000000000000000000000000000000000000000000000000000000000000349167230000000349167230000000000000000000000000000001006202511062025            000000000000000                              000                           
0010001300005T 0601897X0000000092096 24778822500000379   700000000000037930062025000000000034771104040840000000379                0900000000000010100000000000000000000000000000000000000   000000000000000000000000004        170192477882     
0010001300006U 060000000000000000000000000000000000000000000000000000000000000000000000347710000000000347710000000000000000000000000000001006202511062025            000000000000000                              000                           
0010001300007T 0601897X0000000092096 24778822500000661   700000000000066130062025000000000024485033000900000000661                0900000000000010100000000000000000000000000000000000000   000000000000000000000000004        170192477882     
0010001300008U 060000000000000000000000000000000000000000000000000000000000000000000000244850000000000244850000000000000000000000000000001006202511062025            000000000000000                              000                           
0010001300009T 0601897X0000000092096 24778822500001016   700000000000101630062025000000000004392001004154000001016                0900000000000010060000000000000000000000000000000000000   000000000000000000000000033        170192477882     
0010001300010U 060000000000000000000000000000000000000000000000000000000000000000000000043920000000000043920000000000000000000000000000001006202511062025            000000000000000                              000                           
0010001300011T 0601897X0000000092096 24778822500001233   700000000000123330062025000000000025116341000140000001233                0900000000000010100000000000000000000000000000000000000   000000000000000000000000004        170192477882     
0010001300012U 060000000000000000000000000000000000000000000000000000000000000000000000251160000000000251160000000000000000000000000000001006202511062025            000000000000000                              000                           
0010001300013T 0601897X0000000092096 24778822500001534   700000000000153430062025000000000026348033005630000001534                0900000000000010100000000000000000000000000000000000000   000000000000000000000000004        170192477882     
0010001300014U 060000000000000000000000000000000000000000000000000000000000000000000000263480000000000263480000000000000000000000000000001006202511062025            000000000000000                              000                           
0010001300015T 5201897X0000000092096 24778822500000068   700000000000006830062025000000000217532001009946000000068                0900000000000000000000000000000000000000000000000000000   000000000000000000000000000        170192477882     
0010001300016U 520000000000000000000000000000000000000000000000000000000000000000000000000000000000000000000000000000000000000000000000001006202500000000            000000000000000                              000                           
00100015         000018008123000000021719425840000000000000000000000000000000000000000000000000000000000000000000000000000000000000000000000000000                                                                                              
00199999         000001000020000000                                                                                                                                                            00000000000000000000000000000                    
