00100000         2115139610001160024778820014       01897X0000000092096 FUNDACAO AGENCIA DAS BACIAS HIBANCO DO BRASIL                         21611202302282000540903000000829973081PROCESSAMEN                                                 
00100011T0100020 20115139610001160024778820014       01897X0000000092096 FUNDACAO AGENCIA DAS BACIAS HI                                                                                000000001611202300000000  000000000                      
0010001300001T 0201897X0000000092096 24778829000007836   7000007836      30112023000000000191754001004154000007836                0900000000000010500000000000000000000000000000000000000   0000000000000000000000480A9A4      170192477882     
0010001300002U 020000000000000000000000000000000000000000000000000000000000000000000000000000000000000000000000000000000000000000000000001611202300000000            000000000000000                              000                           
0010001300003T 0201897X0000000092096 24778829000007837   7000007837      3011202300000000004631800101849X000007837                0900000000000010500000000000000000000000000000000000000   0000000000000000000000480A9A4      170192477882     
0010001300004U 020000000000000000000000000000000000000000000000000000000000000000000000000000000000000000000000000000000000000000000000001611202300000000            000000000000000                              000                           
0010001300005T 0201897X0000000092096 24778829000007838   7000007838      30112023000000000043411001004561000007838                0900000000000010500000000000000000000000000000000000000   0000000000000000000000480A9A4      170192477882     
0010001300006U 020000000000000000000000000000000000000000000000000000000000000000000000000000000000000000000000000000000000000000000000001611202300000000            000000000000000                              000                           
0010001300007T 0201897X0000000092096 24778829000007839   7000007839      30112023000000000092257001003409000007839                0900000000000010500000000000000000000000000000000000000   0000000000000000000000480A9A4      170192477882     
0010001300008U 020000000000000000000000000000000000000000000000000000000000000000000000000000000000000000000000000000000000000000000000001611202300000000            000000000000000                              000                           
0010001300009T 0201897X0000000092096 24778829000007840   7000007840      30112023000000000038311001009903000007840                0900000000000010000000000000000000000000000000000000000   0000000000000000000000480A9        170192477882     
0010001300010U 020000000000000000000000000000000000000000000000000000000000000000000000000000000000000000000000000000000000000000000000001611202300000000            000000000000000                              000                           
0010001300011T 0201897X0000000092096 24778829000007841   7000007841      30112023000000000030115001003190000007841                0900000000000010500000000000000000000000000000000000000   0000000000000000000000480A9A4      170192477882     
0010001300012U 020000000000000000000000000000000000000000000000000000000000000000000000000000000000000000000000000000000000000000000000001611202300000000            000000000000000                              000                           
0010001300013T 0601897X0000000092096 24778822230003097   700000000000309730112023000000000071492033020170000003097                0900000000000010100000000000000000000000000000000000000   000000000000000000000000004        170192477882     
0010001300014U 060000000000000000000000000000000000000000000000000000000000000000000000714920000000000714920000000000000000000000000000001611202317112023            000000000000000                              000                           
0010001300015T 0601897X0000000092096 24778822230004963   700000000000496330112023000000000048739748051200000004963                0900000000000010100000000000000000000000000000000000000   000000000000000000000000004        170192477882     
0010001300016U 060000000000000000000000000000000000000000000000000000000000000000000000487390000000000487390000000000000000000000000000001611202317112023            000000000000000                              000                           
0010001300017T 0601897X0000000092096 24778822230005287   700000000000528730112023000000000068715001001678000005287                0900000000000010040000000000000000000000000000000000000   000000000000000000000000034        170192477882     
0010001300018U 060000000000000000000000000000000000000000000000000000000000000000000000687150000000000687150000000000000000000000000000001611202317112023            000000000000000                              000                           
0010001300019T 0601897X0000000092096 24778822230005293   700000000000529330112023000000000043104341005460000005293                0900000000000010100000000000000000000000000000000000000   000000000000000000000000004        170192477882     
0010001300020U 060000000000000000000000000000000000000000000000000000000000000000000000431040000000000431040000000000000000000000000000001611202317112023            000000000000000                              000                           
0010001300021T 0601897X0000000092096 24778822230005605   700000000000560530112023000000000021958237019890000005605                0900000000000010100000000000000000000000000000000000000   000000000000000000000000004        170192477882     
0010001300022U 060000000000000000000000000000000000000000000000000000000000000000000000219580000000000219580000000000000000000000000000001611202317112023            000000000000000                              000                           
0010001300023T 0601897X0000000092096 24778822230005820   700000000000582031102023000000000097589001031496000005820                0900000000000010040000000000000000000000000000000000000   000000000000000000000000034        170192477882     
0010001300024U 060000000000024700000000000000000000000000000000000000000000000000000001000590000000001000590000000000000000000000000000001611202317112023            000000000000000                              000                           
0010001300025T 0601897X0000000092096 24778829000007806   7000007806      30112023000000000154832341003680000007806                0900000000000010100000000000000000000000000000000000000   000000000000000000000000004        170192477882     
0010001300026U 060000000000000000000000000000000000000000000000000000000000000000000001548320000000001548320000000000000000000000000000001611202317112023            000000000000000                              000                           
00100015         000028001706000000006455513040000000000000000000000000000000000000000000000000000000000000000000000000000000000000000000000000000                                                                                              
00199999         000001000030000000                                                                                                                                                            00000000000000000000000000000                    
