00100000         2115139610001160024778820014       01897X0000000092096 FUNDACAO AGENCIA DAS BACIAS HIBANCO DO BRASIL                         22211202301565000541703000000829973081PROCESSAMEN                                                 
00100011T0100020 20115139610001160024778820014       01897X0000000092096 FUNDACAO AGENCIA DAS BACIAS HI                                                                                000000002211202300000000  000000000                      
0010001300001T 0201897X0000000092096 24778829000007847   7000007847      30112023000000000025458001008966000007847                0900000000000010000000000000000000000000000000000000000   0000000000000000000000480A9        170192477882     
0010001300002U 020000000000000000000000000000000000000000000000000000000000000000000000000000000000000000000000000000000000000000000000002211202300000000            000000000000000                              000                           
0010001300003T 0201897X0000000092096 24778829000007848   7000007848      30112023000000000022219001008966000007848                0900000000000010000000000000000000000000000000000000000   0000000000000000000000480A9        170192477882     
0010001300004U 020000000000000000000000000000000000000000000000000000000000000000000000000000000000000000000000000000000000000000000000002211202300000000            000000000000000                              000                           
0010001300005T 0201897X0000000092096 24778829000007849   7000007849      30112023000000000089343001003190000007849                0900000000000010000000000000000000000000000000000000000   0000000000000000000000480A9        170192477882     
0010001300006U 020000000000000000000000000000000000000000000000000000000000000000000000000000000000000000000000000000000000000000000000002211202300000000            000000000000000                              000                           
0010001300007T 0201897X0000000092096 24778829000007850   7000007850      30112023000000000038634001009296000007850                0900000000000010000000000000000000000000000000000000000   0000000000000000000000480A9        170192477882     
0010001300008U 020000000000000000000000000000000000000000000000000000000000000000000000000000000000000000000000000000000000000000000000002211202300000000            000000000000000                              000                           
0010001300009T 0201897X0000000092096 24778829000007851   7000007851      30112023000000000039501001003190000007851                0900000000000010500000000000000000000000000000000000000   0000000000000000000000480A9A4      170192477882     
0010001300010U 020000000000000000000000000000000000000000000000000000000000000000000000000000000000000000000000000000000000000000000000002211202300000000            000000000000000                              000                           
0010001300011T 0201897X0000000092096 24778829000007852   7000007852      30112023000000000146255001000566000007852                0900000000000010500000000000000000000000000000000000000   0000000000000000000000480A9A4      170192477882     
0010001300012U 020000000000000000000000000000000000000000000000000000000000000000000000000000000000000000000000000000000000000000000000002211202300000000            000000000000000                              000                           
0010001300013T 0201897X0000000092096 24778829000007853   7000007853      30112023000000000037187001043036000007853                0900000000000010500000000000000000000000000000000000000   0000000000000000000000480A9A4      170192477882     
0010001300014U 020000000000000000000000000000000000000000000000000000000000000000000000000000000000000000000000000000000000000000000000002211202300000000            000000000000000                              000                           
0010001300015T 0601897X0000000092096 24778822230002712   700000000000271230112023000000000021079341081600000002712                0900000000000010100000000000000000000000000000000000000   000000000000000000000000004        170192477882     
0010001300016U 060000000000000000000000000000000000000000000000000000000000000000000000210790000000000210790000000000000000000000000000002211202323112023            000000000000000                              000                           
0010001300017T 0601897X0000000092096 24778822230003529   700000000000352930112023000000000101866341015650000003529                0900000000000010100000000000000000000000000000000000000   000000000000000000000000004        170192477882     
0010001300018U 060000000000000000000000000000000000000000000000000000000000000000000001018660000000001018660000000000000000000000000000002211202323112023            000000000000000                              000                           
0010001300019T 0601897X0000000092096 24778822230004411   700000000000441130112023000000000039914341005460000004411                0900000000000010100000000000000000000000000000000000000   000000000000000000000000004        170192477882     
0010001300020U 060000000000000000000000000000000000000000000000000000000000000000000000399140000000000399140000000000000000000000000000002211202323112023            000000000000000                              000                           
0010001300021T 0601897X0000000092096 24778822230004429   700000000000442930112023000000000048575748052180000004429                0900000000000010100000000000000000000000000000000000000   000000000000000000000000004        170192477882     
0010001300022U 060000000000000000000000000000000000000000000000000000000000000000000000485750000000000485750000000000000000000000000000002211202323112023            000000000000000                              000                           
0010001300023T 0601897X0000000092096 24778822230004622   700000000000462222122023000000000292665756085660000004622                0900000000000010100000000000000000000000000000000000000   000000000000000000000000004        170192477882     
0010001300024U 060000000000000000000000000000000000000000000000000000000000000000000002926650000000002926650000000000000000000000000000002211202323112023            000000000000000                              000                           
0010001300025T 0601897X0000000092096 24778822230005701   700000000000570130112023000000000039197341026900000005701                0900000000000010100000000000000000000000000000000000000   000000000000000000000000004        170192477882     
0010001300026U 060000000000000000000000000000000000000000000000000000000000000000000000391970000000000391970000000000000000000000000000002211202323112023            000000000000000                              000                           
0010001300027T 0601897X0000000092096 24778822230005761   700000000000576130112023000000000038371341015650000005761                0900000000000010100000000000000000000000000000000000000   000000000000000000000000004        170192477882     
0010001300028U 060000000000000000000000000000000000000000000000000000000000000000000000383710000000000383710000000000000000000000000000002211202323112023            000000000000000                              000                           
0010001300029T 0601897X0000000092096 24778822230005767   700000000000576730112023000000000073012341015650000005767                0900000000000010100000000000000000000000000000000000000   000000000000000000000000004        170192477882     
0010001300030U 060000000000000000000000000000000000000000000000000000000000000000000000730120000000000730120000000000000000000000000000002211202323112023            000000000000000                              000                           
0010001300031T 0601897X0000000092096 24778822230005833   700000000000583330112023000000000144224341015650000005833                0900000000000010100000000000000000000000000000000000000   000000000000000000000000004        170192477882     
0010001300032U 060000000000000000000000000000000000000000000000000000000000000000000001442240000000001442240000000000000000000000000000002211202323112023            000000000000000                              000                           
0010001300033T 0601897X0000000092096 24778822230006284   700000000000628422122023000000000022055341007960000006284                0900000000000010100000000000000000000000000000000000000   000000000000000000000000004        170192477882     
0010001300034U 060000000000000000000000000000000000000000000000000000000000000000000000220550000000000220550000000000000000000000000000002211202323112023            000000000000000                              000                           
0010001300035T 0601897X0000000092096 24778822230006452   700000000000645222122023000000000021958237003220000006452                0900000000000010100000000000000000000000000000000000000   000000000000000000000000004        170192477882     
0010001300036U 060000000000000000000000000000000000000000000000000000000000000000000000219580000000000219580000000000000000000000000000002211202323112023            000000000000000                              000                           
0010001300037T 0601897X0000000092096 24778822230006817   700000000000681730112023000000000039036033033160000006817                0900000000000010100000000000000000000000000000000000000   000000000000000000000000004        170192477882     
0010001300038U 060000000000000000000000000000000000000000000000000000000000000000000000390360000000000390360000000000000000000000000000002211202323112023            000000000000000                              000                           
0010001300039T 0601897X0000000092096 24778829000007488   7000007488      30112023000000000551055745000010000007488                0900000000000010100000000000000000000000000000000000000   000000000000000000000000004        170192477882     
0010001300040U 060000000000000000000000000000000000000000000000000000000000000000000005510550000000005510550000000000000000000000000000002211202323112023            000000000000000                              000                           
0010001300041T 0601897X0000000092096 24778829000007840   7000007840      30112023000000000038311033044240000007840                0900000000000010100000000000000000000000000000000000000   000000000000000000000000004        170192477882     
0010001300042U 060000000000000000000000000000000000000000000000000000000000000000000000383110000000000383110000000000000000000000000000002211202323112023            000000000000000                              000                           
00100015         000044001684000000006433152180000000000000000000000000000000000000000000000000000000000000000000000000000000000000000000000000000                                                                                              
00199999         000001000046000000                                                                                                                                                            00000000000000000000000000000                    
