00100000         2115139610001160024778820014       01897X0000000092096 FUNDACAO AGENCIA DAS BACIAS HIBANCO DO BRASIL                         21512202301441300545103000000829973081PROCESSAMEN                                                 
00100011T0100020 20115139610001160024778820014       01897X0000000092096 FUNDACAO AGENCIA DAS BACIAS HI                                                                                000000001512202300000000  000000000                      
0010001300001T 0201897X0000000092096 24778829000007971   7000007971      29122023000000000019554001003190000007971                0900000000000010500000000000000000000000000000000000000   0000000000000000000000480A9A4      170192477882     
0010001300002U 020000000000000000000000000000000000000000000000000000000000000000000000000000000000000000000000000000000000000000000000001512202300000000            000000000000000                              000                           
0010001300003T 0201897X0000000092096 24778829000007972   7000007972      29122023000000000016232001016020000007972                0900000000000010000000000000000000000000000000000000000   0000000000000000000000480A9        170192477882     
0010001300004U 020000000000000000000000000000000000000000000000000000000000000000000000000000000000000000000000000000000000000000000000001512202300000000            000000000000000                              000                           
0010001300005T 0201897X0000000092096 24778829000007973   7000007973      29122023000000000018685001004154000007973                0900000000000010500000000000000000000000000000000000000   0000000000000000000000480A9A4      170192477882     
0010001300006U 020000000000000000000000000000000000000000000000000000000000000000000000000000000000000000000000000000000000000000000000001512202300000000            000000000000000                              000                           
0010001300007T 0201897X0000000092096 24778829000007975   7000007975      29122023000000000031253001004596000007975                0900000000000010500000000000000000000000000000000000000   0000000000000000000000480A9A4      170192477882     
0010001300008U 020000000000000000000000000000000000000000000000000000000000000000000000000000000000000000000000000000000000000000000000001512202300000000            000000000000000                              000                           
0010001300009T 0201897X0000000092096 24778829000007976   7000007976      22122023000000013452966001026565000007976                0900000000000010000000000000000000000000000000000000000   0000000000000000000000480A9        170192477882     
0010001300010U 020000000000000000000000000000000000000000000000000000000000000000000000000000000000000000000000000000000000000000000000001512202300000000            000000000000000                              000                           
0010001300011T 0601897X0000000092096 24778822230003008   700000000000300822122023000000000029730033043780000003008                0900000000000010100000000000000000000000000000000000000   000000000000000000000000004        170192477882     
0010001300012U 060000000000000000000000000000000000000000000000000000000000000000000000297300000000000297300000000000000000000000000000001512202318122023            000000000000000                              000                           
0010001300013T 0601897X0000000092096 24778822230003314   700000000000331422122023000000000084368341000540000003314                0900000000000010100000000000000000000000000000000000000   000000000000000000000000004        170192477882     
0010001300014U 060000000000000000000000000000000000000000000000000000000000000000000000843680000000000843680000000000000000000000000000001512202318122023            000000000000000                              000                           
0010001300015T 0601897X0000000092096 24778822230003452   700000000000345222122023000000000066829341011750000003452                0900000000000010100000000000000000000000000000000000000   000000000000000000000000004        170192477882     
0010001300016U 060000000000000000000000000000000000000000000000000000000000000000000000668290000000000668290000000000000000000000000000001512202318122023            000000000000000                              000                           
0010001300017T 0601897X0000000092096 24778822230004964   700000000000496422122023000000000048739748051200000004964                0900000000000010100000000000000000000000000000000000000   000000000000000000000000004        170192477882     
0010001300018U 060000000000000000000000000000000000000000000000000000000000000000000000487390000000000487390000000000000000000000000000001512202318122023            000000000000000                              000                           
0010001300019T 0601897X0000000092096 24778822230005288   700000000000528822122023000000000068715001001678000005288                0900000000000010040000000000000000000000000000000000000   000000000000000000000000034        170192477882     
0010001300020U 060000000000000000000000000000000000000000000000000000000000000000000000687150000000000687150000000000000000000000000000001512202318122023            000000000000000                              000                           
0010001300021T 0601897X0000000092096 24778822230005294   700000000000529422122023000000000043104341005460000005294                0900000000000010100000000000000000000000000000000000000   000000000000000000000000004        170192477882     
0010001300022U 060000000000000000000000000000000000000000000000000000000000000000000000431040000000000431040000000000000000000000000000001512202318122023            000000000000000                              000                           
0010001300023T 0601897X0000000092096 24778822230005330   700000000000533022122023000000000087310033046050000005330                0900000000000010100000000000000000000000000000000000000   000000000000000000000000004        170192477882     
0010001300024U 060000000000000000000000000000000000000000000000000000000000000000000000873100000000000873100000000000000000000000000000001512202318122023            000000000000000                              000                           
0010001300025T 0601897X0000000092096 24778822230006032   700000000000603222122023000000000035230237003160000006032                0900000000000010100000000000000000000000000000000000000   000000000000000000000000004        170192477882     
0010001300026U 060000000000000000000000000000000000000000000000000000000000000000000000352300000000000352300000000000000000000000000000001512202318122023            000000000000000                              000                           
0010001300027T 0601897X0000000092096 24778822230006074   700000000000607422122023000000000021958341001360000006074                0900000000000010100000000000000000000000000000000000000   000000000000000000000000004        170192477882     
0010001300028U 060000000000000000000000000000000000000000000000000000000000000000000000219580000000000219580000000000000000000000000000001512202318122023            000000000000000                              000                           
0010001300029T 0601897X0000000092096 24778822230006176   700000000000617622122023000000000043915341008970000006176                0900000000000010100000000000000000000000000000000000000   000000000000000000000000004        170192477882     
0010001300030U 060000000000000000000000000000000000000000000000000000000000000000000000439150000000000439150000000000000000000000000000001512202318122023            000000000000000                              000                           
0010001300031T 0601897X0000000092096 24778822230006374   700000000000637422122023000000000054894033030640000006374                0900000000000010100000000000000000000000000000000000000   000000000000000000000000004        170192477882     
0010001300032U 060000000000000000000000000000000000000000000000000000000000000000000000548940000000000548940000000000000000000000000000001512202318122023            000000000000000                              000                           
0010001300033T 0601897X0000000092096 24778822230006380   700000000000638022122023000000000075631033012320000006380                0900000000000010100000000000000000000000000000000000000   000000000000000000000000004        170192477882     
0010001300034U 060000000000000000000000000000000000000000000000000000000000000000000000756310000000000756310000000000000000000000000000001512202318122023            000000000000000                              000                           
0010001300035T 0601897X0000000092096 24778822230006572   700000000000657222122023000000000029233033000900000006572                0900000000000010100000000000000000000000000000000000000   000000000000000000000000004        170192477882     
0010001300036U 060000000000000000000000000000000000000000000000000000000000000000000000292330000000000292330000000000000000000000000000001512202318122023            000000000000000                              000                           
0010001300037T 0601897X0000000092096 24778822230006914   700000000000691422122023000000000023206033044280000006914                0900000000000010100000000000000000000000000000000000000   000000000000000000000000004        170192477882     
0010001300038U 060000000000000000000000000000000000000000000000000000000000000000000000232060000000000232060000000000000000000000000000001512202318122023            000000000000000                              000                           
0010001300039T 0601897X0000000092096 24778822230007208   700000000000720822122023000000000094373341009120000007208                0900000000000010100000000000000000000000000000000000000   000000000000000000000000004        170192477882     
0010001300040U 060000000000000000000000000000000000000000000000000000000000000000000000943730000000000943730000000000000000000000000000001512202318122023            000000000000000                              000                           
0010001300041T 0601897X0000000092096 24778829000007954   7000007954      22122023000000000025143001043036000007954                0900000000000010020000000000000000000000000000000000000   000000000000000000000000033        170192477882     
0010001300042U 060000000000000000000000000000000000000000000000000000000000000000000000251430000000000251430000000000000000000000000000001512202318122023            000000000000000                              000                           
0010001300043T 0601897X0000000092096 24778829000007969   7000007969      22122023000000000016918033003570000007969                0900000000000010100000000000000000000000000000000000000   000000000000000000000000004        170192477882     
0010001300044U 060000000000000000000000000000000000000000000000000000000000000000000000169180000000000169180000000000000000000000000000001512202318122023            000000000000000                              000                           
0010001300045T 1401897X0000000092096 24778829000007966   7000007966      22122023000000000020657001004154000007966                0900000000000000000000000000000000000000000000000000000   000000000000000000000000000        170192477882     
0010001300046U 140000000000000000000000000000000000000000000000000000000000000000000000000000000000000000000000000000000000000000000000001512202300000000            000000000000000                              000                           
0010001300047T 1401897X0000000092096 24778829000007968   7000007968      22122023000000000018573001009946000007968                0900000000000000000000000000000000000000000000000000000   000000000000000000000000000        170192477882     
0010001300048U 140000000000000000000000000000000000000000000000000000000000000000000000000000000000000000000000000000000000000000000000001512202300000000            000000000000000                              000                           
0010001300049T 1401897X0000000092096 24778829000007969   7000007969      22122023000000000016918001004561000007969                0900000000000000000000000000000000000000000000000000000   000000000000000000000000000        170192477882     
0010001300050U 140000000000000000000000000000000000000000000000000000000000000000000000000000000000000000000000000000000000000000000000001512202300000000            000000000000000                              000                           
0010001300051T 1401897X0000000092096 24778829000007970   7000007970      22122023000000000013932001003018000007970                0900000000000000000000000000000000000000000000000000000   000000000000000000000000000        170192477882     
0010001300052U 140000000000000000000000000000000000000000000000000000000000000000000000000000000000000000000000000000000000000000000000001512202300000000            000000000000000                              000                           
00100015         000054000858000000005133828170000000000000000000000000000000000000000000000000000000000000000000000000000000000000000000000000000                                                                                              
00199999         000001000056000000                                                                                                                                                            00000000000000000000000000000                    
