00100000         2115139610001160024778820014       01897X0000000092096 FUNDACAO AGENCIA DAS BACIAS HIBANCO DO BRASIL                         21212202301220800544503000000829973081PROCESSAMEN                                                 
00100011T0100020 20115139610001160024778820014       01897X0000000092096 FUNDACAO AGENCIA DAS BACIAS HI                                                                                000000001212202300000000  000000000                      
0010001300001T 0601897X0000000092096 24778822230002888   700000000000288822122023000000000025734422000880000002888                0900000000000010100000000000000000000000000000000000000   000000000000000000000000004        170192477882     
0010001300002U 060000000000000000000000000000000000000000000000000000000000000000000000257340000000000257340000000000000000000000000000001212202313122023            000000000000000                              000                           
0010001300003T 0601897X0000000092096 24778822230003158   700000000000315822122023000000000088265341000090000003158                0900000000000010100000000000000000000000000000000000000   000000000000000000000000004        170192477882     
0010001300004U 060000000000000000000000000000000000000000000000000000000000000000000000882650000000000882650000000000000000000000000000001212202313122023            000000000000000                              000                           
0010001300005T 0601897X0000000092096 24778822230004940   70000000000049402212202300000000002562400103360X000004940                0900000000000010040000000000000000000000000000000000000   000000000000000000000000034        170192477882     
0010001300006U 060000000000000000000000000000000000000000000000000000000000000000000000256240000000000256240000000000000000000000000000001212202313122023            000000000000000                              000                           
0010001300007T 0601897X0000000092096 24778822230005444   700000000000544422122023000000000048305237003220000005444                0900000000000010100000000000000000000000000000000000000   000000000000000000000000004        170192477882     
0010001300008U 060000000000000000000000000000000000000000000000000000000000000000000000483050000000000483050000000000000000000000000000001212202313122023            000000000000000                              000                           
0010001300009T 0601897X0000000092096 24778822230007082   700000000000708222122023000000000098872001009741000007082                0900000000000010040000000000000000000000000000000000000   000000000000000000000000034        170192477882     
0010001300010U 060000000000000000000000000000000000000000000000000000000000000000000000988720000000000988720000000000000000000000000000001212202313122023            000000000000000                              000                           
0010001300011T 0601897X0000000092096 24778829000007937   7000007937      22122023000000000028365001030813000007937                0900000000000010040000000000000000000000000000000000000   000000000000000000000000034        170192477882     
0010001300012U 060000000000000000000000000000000000000000000000000000000000000000000000283650000000000283650000000000000000000000000000001212202313122023            000000000000000                              000                           
0010001300013T 0901897X0000000092096 24778829000007798   7000007798      30112023000000000057995001004154000007798                0900000000000000000000000000000000000000000000000000000   000000000000000000000036010        170192477882     
0010001300014U 090000000000000000000000000000000000000000000000000000000000000000000000000000000000000000000000000000000000000000000000001212202300000000            000000000000000                              000                           
0010001300015T 0901897X0000000092096 24778829000007801   7000007801      30112023000000000078600001022004000007801                0900000000000000000000000000000000000000000000000000000   000000000000000000000036010        170192477882     
0010001300016U 090000000000000000000000000000000000000000000000000000000000000000000000000000000000000000000000000000000000000000000000001212202300000000            000000000000000                              000                           
0010001300017T 5201897X0000000092096 24778829000007941   7000007941      29122023000000000024908001003190000007941                0900000000000000000000000000000000000000000000000000000   000000000000000000000000000        170192477882     
0010001300018U 520000000000000000000000000000000000000000000000000000000000000000000000000000000000000000000000000000000000000000000000001212202300000000            000000000000000                              000                           
0010001300019T 1401897X0000000092096 24778829000007935   7000007935      22122023000000000026831001001678000007935                0900000000000000000000000000000000000000000000000000000   000000000000000000000000000        170192477882     
0010001300020U 140000000000000000000000000000000000000000000000000000000000000000000000000000000000000000000000000000000000000000000000001212202300000000            000000000000000                              000                           
0010001300021T 1401897X0000000092096 24778829000007936   7000007936      22122023000000000025421001008117000007936                0900000000000000000000000000000000000000000000000000000   000000000000000000000000000        170192477882     
0010001300022U 140000000000000000000000000000000000000000000000000000000000000000000000000000000000000000000000000000000000000000000000001212202300000000            000000000000000                              000                           
0010001300023T 1401897X0000000092096 24778829000007937   7000007937      22122023000000000028365001009946000007937                0900000000000000000000000000000000000000000000000000000   000000000000000000000000000        170192477882     
0010001300024U 140000000000000000000000000000000000000000000000000000000000000000000000000000000000000000000000000000000000000000000000001212202300000000            000000000000000                              000                           
0010001300025T 1401897X0000000092096 24778829000007938   7000007938      2212202300000000002510700101849X000007938                0900000000000000000000000000000000000000000000000000000   000000000000000000000000000        170192477882     
0010001300026U 140000000000000000000000000000000000000000000000000000000000000000000000000000000000000000000000000000000000000000000000001212202300000000            000000000000000                              000                           
0010001300027T 1401897X0000000092096 24778829000007939   7000007939      22122023000000000025166001000574000007939                0900000000000000000000000000000000000000000000000000000   000000000000000000000000000        170192477882     
0010001300028U 140000000000000000000000000000000000000000000000000000000000000000000000000000000000000000000000000000000000000000000000001212202300000000            000000000000000                              000                           
0010001300029T 1401897X0000000092096 24778829000007940   7000007940      22122023000000000025541001003190000007940                0900000000000000000000000000000000000000000000000000000   000000000000000000000000000        170192477882     
0010001300030U 140000000000000000000000000000000000000000000000000000000000000000000000000000000000000000000000000000000000000000000000001212202300000000            000000000000000                              000                           
0010001300031T 1401897X0000000092096 24778829000007941   7000007941      22122023000000000024908001003190000007941                0900000000000000000000000000000000000000000000000000000   000000000000000000000000000        170192477882     
0010001300032U 140000000000000000000000000000000000000000000000000000000000000000000000000000000000000000000000000000000000000000000000001212202300000000            000000000000000                              000                           
0010001300033T 1401897X0000000092096 24778829000007942   7000007942      22122023000000000028574001008117000007942                0900000000000000000000000000000000000000000000000000000   000000000000000000000000000        170192477882     
0010001300034U 140000000000000000000000000000000000000000000000000000000000000000000000000000000000000000000000000000000000000000000000001212202300000000            000000000000000                              000                           
0010001300035T 1401897X0000000092096 24778829000007943   7000007943      2212202300000000002485900101849X000007943                0900000000000000000000000000000000000000000000000000000   000000000000000000000000000        170192477882     
0010001300036U 140000000000000000000000000000000000000000000000000000000000000000000000000000000000000000000000000000000000000000000000001212202300000000            000000000000000                              000                           
0010001300037T 1401897X0000000092096 24778829000007944   7000007944      22122023000000000030093001009903000007944                0900000000000000000000000000000000000000000000000000000   000000000000000000000000000        170192477882     
0010001300038U 140000000000000000000000000000000000000000000000000000000000000000000000000000000000000000000000000000000000000000000000001212202300000000            000000000000000                              000                           
0010001300039T 1401897X0000000092096 24778829000007945   7000007945      22122023000000000041798001009903000007945                0900000000000000000000000000000000000000000000000000000   000000000000000000000000000        170192477882     
0010001300040U 140000000000000000000000000000000000000000000000000000000000000000000000000000000000000000000000000000000000000000000000001212202300000000            000000000000000                              000                           
0010001300041T 1401897X0000000092096 24778829000007946   7000007946      2212202300000000002510700100216X000007946                0900000000000000000000000000000000000000000000000000000   000000000000000000000000000        170192477882     
0010001300042U 140000000000000000000000000000000000000000000000000000000000000000000000000000000000000000000000000000000000000000000000001212202300000000            000000000000000                              000                           
0010001300043T 1401897X0000000092096 24778829000007947   7000007947      22122023000000000013038001000566000007947                0900000000000000000000000000000000000000000000000000000   000000000000000000000000000        170192477882     
0010001300044U 140000000000000000000000000000000000000000000000000000000000000000000000000000000000000000000000000000000000000000000000001212202300000000            000000000000000                              000                           
0010001300045T 1401897X0000000092096 24778829000007948   7000007948      22122023000000000043845001004561000007948                0900000000000000000000000000000000000000000000000000000   000000000000000000000000000        170192477882     
0010001300046U 140000000000000000000000000000000000000000000000000000000000000000000000000000000000000000000000000000000000000000000000001212202300000000            000000000000000                              000                           
0010001300047T 1401897X0000000092096 24778829000007949   7000007949      22122023000000000046843001003409000007949                0900000000000000000000000000000000000000000000000000000   000000000000000000000000000        170192477882     
0010001300048U 140000000000000000000000000000000000000000000000000000000000000000000000000000000000000000000000000000000000000000000000001212202300000000            000000000000000                              000                           
0010001300049T 1401897X0000000092096 24778829000007950   7000007950      22122023000000000022542001001678000007950                0900000000000000000000000000000000000000000000000000000   000000000000000000000000000        170192477882     
0010001300050U 140000000000000000000000000000000000000000000000000000000000000000000000000000000000000000000000000000000000000000000000001212202300000000            000000000000000                              000                           
00100015         000052000869000000005011345290000000000000000000000000000000000000000000000000000000000000000000000000000000000000000000000000000                                                                                              
00199999         000001000054000000                                                                                                                                                            00000000000000000000000000000                    
