00100000         2115139610001160024778820014       01897X0000000092096 FUNDACAO AGENCIA DAS BACIAS HIBANCO DO BRASIL                         22011202302281600541303000000829973081PROCESSAMEN                                                 
00100011T0100020 20115139610001160024778820014       01897X0000000092096 FUNDACAO AGENCIA DAS BACIAS HI                                                                                000000002011202300000000  000000000                      
0010001300001T 0601897X0000000092096 24778822230005329   700000000000532930112023000000000087310033046050000005329                0900000000000010100000000000000000000000000000000000000   000000000000000000000000004        170192477882     
0010001300002U 060000000000000000000000000000000000000000000000000000000000000000000000873100000000000873100000000000000000000000000000002011202321112023            000000000000000                              000                           
0010001300003T 0601897X0000000092096 24778822230006013   700000000000601330112023000000000037328033043970000006013                0900000000000010100000000000000000000000000000000000000   000000000000000000000000004        170192477882     
0010001300004U 060000000000000000000000000000000000000000000000000000000000000000000000373280000000000373280000000000000000000000000000002011202321112023            000000000000000                              000                           
00100015         000006001698000000006448688810000000000000000000000000000000000000000000000000000000000000000000000000000000000000000000000000000                                                                                              
00199999         000001000008000000                                                                                                                                                            00000000000000000000000000000                    
