00100000         2115139610001160024778820014       01897X0000000092096 FUNDACAO AGENCIA DAS BACIAS HIBANCO DO BRASIL                         20111202301424600539103000000829973081PROCESSAMEN                                                 
00100011T0100020 20115139610001160024778820014       01897X0000000092096 FUNDACAO AGENCIA DAS BACIAS HI                                                                                000000000111202300000000  000000000                      
0010001300001T 0201897X0000000092096 24778829000007792   7000007792      30112023000000000078458001014753000007792                0900000000000010000000000000000000000000000000000000000   0000000000000000000000480A9        170192477882     
0010001300002U 020000000000000000000000000000000000000000000000000000000000000000000000000000000000000000000000000000000000000000000000000111202300000000            000000000000000                              000                           
0010001300003T 0201897X0000000092096 24778829000007793   7000007793      30112023000000000102054001001724000007793                0900000000000010000000000000000000000000000000000000000   0000000000000000000000480A9        170192477882     
0010001300004U 020000000000000000000000000000000000000000000000000000000000000000000000000000000000000000000000000000000000000000000000000111202300000000            000000000000000                              000                           
0010001300005T 0601897X0000000092096 24778822230002175   700000000000217531102023000000000024853001043036000002175                0900000000000010040000000000000000000000000000000000000   000000000000000000000000034        170192477882     
0010001300006U 060000000000005050000000000000000000000000000000000000000000000000000000253580000000000253580000000000000000000000000000000111202303112023            000000000000000                              000                           
0010001300007T 0601897X0000000092096 24778822230002235   700000000000223531102023000000000021958756013660000002235                0900000000000010100000000000000000000000000000000000000   000000000000000000000000004        170192477882     
0010001300008U 060000000000004460000000000000000000000000000000000000000000000000000000224040000000000224040000000000000000000000000000000111202303112023            000000000000000                              000                           
0010001300009T 0601897X0000000092096 24778822230002612   700000000000261230112023000000000023363341009100000002612                0900000000000010100000000000000000000000000000000000000   000000000000000000000000004        170192477882     
0010001300010U 060000000000000000000000000000000000000000000000000000000000000000000000233630000000000233630000000000000000000000000000000111202303112023            000000000000000                              000                           
0010001300011T 0601897X0000000092096 24778822230002651   700000000000265131102023000000000023521341029640000002651                0900000000000010100000000000000000000000000000000000000   000000000000000000000000004        170192477882     
0010001300012U 060000000000004770000000000000000000000000000000000000000000000000000000239980000000000239980000000000000000000000000000000111202303112023            000000000000000                              000                           
0010001300013T 0601897X0000000092096 24778822230002809   700000000000280930112023000000000020103341005620000002809                0900000000000010100000000000000000000000000000000000000   000000000000000000000000004        170192477882     
0010001300014U 060000000000000000000000000000000000000000000000000000000000000000000000201030000000000201030000000000000000000000000000000111202303112023            000000000000000                              000                           
0010001300015T 0601897X0000000092096 24778822230004681   700000000000468130112023000000000023989341009100000004681                0900000000000010100000000000000000000000000000000000000   000000000000000000000000004        170192477882     
0010001300016U 060000000000000000000000000000000000000000000000000000000000000000000000239890000000000239890000000000000000000000000000000111202303112023            000000000000000                              000                           
0010001300017T 0601897X0000000092096 24778822230005406   700000000000540631102023000000000033932341000120000005406                0900000000000010100000000000000000000000000000000000000   000000000000000000000000004        170192477882     
0010001300018U 060000000000000000000000000000000000000000000000000000000000000000000000339320000000000339320000000000000000000000000000000111202303112023            000000000000000                              000                           
0010001300019T 0601897X0000000092096 24778829000007788   7000007788      01112023000000000065784341013700000007788                0900000000000010100000000000000000000000000000000000000   000000000000000000000000004        170192477882     
0010001300020U 060000000000000000000000000000000000000000000000000000000000000000000000657840000000000657840000000000000000000000000000000111202303112023            000000000000000                              000                           
0010001300021T 0901897X0000000092096 24778822230006319   700000000000631930112023000000000056596001014753000006319                0900000000000000000000000000000000000000000000000000000   000000000000000000000036010        170192477882     
0010001300022U 090000000000000000000000000000000000000000000000000000000000000000000000000000000000000000000000000000000000000000000000000111202300000000            000000000000000                              000                           
0010001300023T 0901897X0000000092096 24778822230006320   700000000000632022122023000000000056596001014753000006320                0900000000000000000000000000000000000000000000000000000   000000000000000000000036010        170192477882     
0010001300024U 090000000000000000000000000000000000000000000000000000000000000000000000000000000000000000000000000000000000000000000000000111202300000000            000000000000000                              000                           
00100015         000026001922000000006720925250000000000000000000000000000000000000000000000000000000000000000000000000000000000000000000000000000                                                                                              
00199999         000001000028000000                                                                                                                                                            00000000000000000000000000000                    
