00100000         2115139610001160024778820014       01897X0000000092096 FUNDACAO AGENCIA DAS BACIAS HIBANCO DO BRASIL                         22111202301370400541503000000829973081PROCESSAMEN                                                 
00100011T0100020 20115139610001160024778820014       01897X0000000092096 FUNDACAO AGENCIA DAS BACIAS HI                                                                                000000002111202300000000  000000000                      
0010001300001T 0201897X0000000092096 24778829000007842   7000007842      30112023000000000044441001000566000007842                0900000000000010500000000000000000000000000000000000000   0000000000000000000000480A9A4      170192477882     
0010001300002U 020000000000000000000000000000000000000000000000000000000000000000000000000000000000000000000000000000000000000000000000002111202300000000            000000000000000                              000                           
0010001300003T 0201897X0000000092096 24778829000007843   7000007843      30112023000000000037684001003190000007843                0900000000000010500000000000000000000000000000000000000   0000000000000000000000480A9A4      170192477882     
0010001300004U 020000000000000000000000000000000000000000000000000000000000000000000000000000000000000000000000000000000000000000000000002111202300000000            000000000000000                              000                           
0010001300005T 0201897X0000000092096 24778829000007844   7000007844      30112023000000000042439001004561000007844                0900000000000010500000000000000000000000000000000000000   0000000000000000000000480A9A4      170192477882     
0010001300006U 020000000000000000000000000000000000000000000000000000000000000000000000000000000000000000000000000000000000000000000000002111202300000000            000000000000000                              000                           
0010001300007T 0201897X0000000092096 24778829000007845   7000007845      30112023000000000046379001003409000007845                0900000000000010000000000000000000000000000000000000000   0000000000000000000000480A9        170192477882     
0010001300008U 020000000000000000000000000000000000000000000000000000000000000000000000000000000000000000000000000000000000000000000000002111202300000000            000000000000000                              000                           
0010001300009T 0201897X0000000092096 24778829000007846   7000007846      3011202300000000003728900101849X000007846                0900000000000010500000000000000000000000000000000000000   0000000000000000000000480A9A4      170192477882     
0010001300010U 020000000000000000000000000000000000000000000000000000000000000000000000000000000000000000000000000000000000000000000000002111202300000000            000000000000000                              000                           
0010001300011T 0601897X0000000092096 24778822230002647   700000000000264730112023000000000022645341080310000002647                0900000000000010100000000000000000000000000000000000000   000000000000000000000000004        170192477882     
0010001300012U 060000000000000000000000000000000000000000000000000000000000000000000000226450000000000226450000000000000000000000000000002111202322112023            000000000000000                              000                           
0010001300013T 0601897X0000000092096 24778822230002697   700000000000269730112023000000000021372341087690000002697                0900000000000010100000000000000000000000000000000000000   000000000000000000000000004        170192477882     
0010001300014U 060000000000000000000000000000000000000000000000000000000000000000000000213720000000000213720000000000000000000000000000002111202322112023            000000000000000                              000                           
0010001300015T 0601897X0000000092096 24778822230002752   700000000000275230112023000000000020389389002660000002752                0900000000000010100000000000000000000000000000000000000   000000000000000000000000004        170192477882     
0010001300016U 060000000000000000000000000000000000000000000000000000000000000000000000203890000000000203890000000000000000000000000000002111202322112023            000000000000000                              000                           
0010001300017T 0601897X0000000092096 24778822230003157   700000000000315730112023000000000088265341000090000003157                0900000000000010100000000000000000000000000000000000000   000000000000000000000000004        170192477882     
0010001300018U 060000000000000000000000000000000000000000000000000000000000000000000000882650000000000882650000000000000000000000000000002111202322112023            000000000000000                              000                           
0010001300019T 0601897X0000000092096 24778822230003187   700000000000318730112023000000000020113341002770000003187                0900000000000010100000000000000000000000000000000000000   000000000000000000000000004        170192477882     
0010001300020U 060000000000000000000000000000000000000000000000000000000000000000000000201130000000000201130000000000000000000000000000002111202322112023            000000000000000                              000                           
0010001300021T 0601897X0000000092096 24778822230003536   700000000000353622122023000000000264202001033626000003536                0900000000000010090000000000000000000000000000000000000   000000000000000000000000006        170192477882     
0010001300022U 060000000000000000000000000000000000000000000000000000000000000000000002642020000000002642020000000000000000000000000000002111202322112023            000000000000000                              000                           
0010001300023T 0601897X0000000092096 24778822230003559   700000000000355930112023000000000024397341002620000003559                0900000000000010100000000000000000000000000000000000000   000000000000000000000000004        170192477882     
0010001300024U 060000000000000000000000000000000000000000000000000000000000000000000000243970000000000243970000000000000000000000000000002111202322112023            000000000000000                              000                           
0010001300025T 0601897X0000000092096 24778822230004867   700000000000486730112023000000000023660341064580000004867                0900000000000010100000000000000000000000000000000000000   000000000000000000000000004        170192477882     
0010001300026U 060000000000000000000000000000000000000000000000000000000000000000000000236600000000000236600000000000000000000000000000002111202322112023            000000000000000                              000                           
0010001300027T 0601897X0000000092096 24778822230004879   700000000000487930112023000000000042724104003320000004879                0900000000000010100000000000000000000000000000000000000   000000000000000000000000004        170192477882     
0010001300028U 060000000000000000000000000000000000000000000000000000000000000000000000427240000000000427240000000000000000000000000000002111202322112023            000000000000000                              000                           
0010001300029T 0601897X0000000092096 24778822230006505   700000000000650530112023000000000039523748054240000006505                0900000000000010100000000000000000000000000000000000000   000000000000000000000000004        170192477882     
0010001300030U 060000000000000000000000000000000000000000000000000000000000000000000000395230000000000395230000000000000000000000000000002111202322112023            000000000000000                              000                           
0010001300031T 0601897X0000000092096 24778822230006979   700000000000697930112023000000000036596237002140000006979                0900000000000010100000000000000000000000000000000000000   000000000000000000000000004        170192477882     
0010001300032U 060000000000000000000000000000000000000000000000000000000000000000000000365960000000000365960000000000000000000000000000002111202322112023            000000000000000                              000                           
0010001300033T 0601897X0000000092096 24778829000007832   7000007832      30112023000000000085288389002660000007832                0900000000000010100000000000000000000000000000000000000   000000000000000000000000004        170192477882     
0010001300034U 060000000000000000000000000000000000000000000000000000000000000000000000852880000000000852880000000000000000000000000000002111202322112023            000000000000000                              000                           
00100015         000036001691000000006443879390000000000000000000000000000000000000000000000000000000000000000000000000000000000000000000000000000                                                                                              
00199999         000001000038000000                                                                                                                                                            00000000000000000000000000000                    
