00100000         2115139610001160024778820014       01897X0000000092096 FUNDACAO AGENCIA DAS BACIAS HIBANCO DO BRASIL                         22112202301551300545903000000829973081PROCESSAMEN                                                 
00100011T0100020 20115139610001160024778820014       01897X0000000092096 FUNDACAO AGENCIA DAS BACIAS HI                                                                                000000002112202300000000  000000000                      
0010001300001T 0201897X0000000092096 24778829000007983   7000007983      29122023000000000006483001003190000007983                0900000000000010000000000000000000000000000000000000000   0000000000000000000000480A9        170192477882     
0010001300002U 020000000000000000000000000000000000000000000000000000000000000000000000000000000000000000000000000000000000000000000000002112202300000000            000000000000000                              000                           
0010001300003T 0201897X0000000092096 24778829000007984   7000007984      2912202300000000002466800100216X000007984                0900000000000010500000000000000000000000000000000000000   0000000000000000000000480A9A4      170192477882     
0010001300004U 020000000000000000000000000000000000000000000000000000000000000000000000000000000000000000000000000000000000000000000000002112202300000000            000000000000000                              000                           
0010001300005T 0201897X0000000092096 24778829000007985   7000007985      29122023000000000079385001022004000007985                0900000000000010500000000000000000000000000000000000000   0000000000000000000000480A9A4      170192477882     
0010001300006U 020000000000000000000000000000000000000000000000000000000000000000000000000000000000000000000000000000000000000000000000002112202300000000            000000000000000                              000                           
0010001300007T 0601897X0000000092096 24778822230002822   700000000000282222122023000000000020643033000410000002822                0900000000000010100000000000000000000000000000000000000   000000000000000000000000004        170192477882     
0010001300008U 060000000000000000000000000000000000000000000000000000000000000000000000206430000000000206430000000000000000000000000000002112202322122023            000000000000000                              000                           
0010001300009T 0601897X0000000092096 24778822230002966   700000000000296622122023000000000292571341005600000002966                0900000000000010100000000000000000000000000000000000000   000000000000000000000000004        170192477882     
0010001300010U 060000000000000000000000000000000000000000000000000000000000000000000002925710000000002925710000000000000000000000000000002112202322122023            000000000000000                              000                           
0010001300011T 0601897X0000000092096 24778822230002990   700000000000299022122023000000000020932341000280000002990                0900000000000010100000000000000000000000000000000000000   000000000000000000000000004        170192477882     
0010001300012U 060000000000000000000000000000000000000000000000000000000000000000000000209320000000000209320000000000000000000000000000002112202322122023            000000000000000                              000                           
0010001300013T 0601897X0000000092096 24778822230003248   700000000000324822122023000000000041711341080460000003248                0900000000000010100000000000000000000000000000000000000   000000000000000000000000004        170192477882     
0010001300014U 060000000000000000000000000000000000000000000000000000000000000000000000417110000000000417110000000000000000000000000000002112202322122023            000000000000000                              000                           
0010001300015T 0601897X0000000092096 24778822230003260   700000000000326022122023000000000074018341000550000003260                0900000000000010100000000000000000000000000000000000000   000000000000000000000000004        170192477882     
0010001300016U 060000000000000000000000000000000000000000000000000000000000000000000000740180000000000740180000000000000000000000000000002112202322122023            000000000000000                              000                           
0010001300017T 0601897X0000000092096 24778822230003266   700000000000326622122023000000000192424341005600000003266                0900000000000010100000000000000000000000000000000000000   000000000000000000000000004        170192477882     
0010001300018U 060000000000000000000000000000000000000000000000000000000000000000000001924240000000001924240000000000000000000000000000002112202322122023            000000000000000                              000                           
0010001300019T 0601897X0000000092096 24778822230003338   700000000000333822122023000000000404479341000540000003338                0900000000000010100000000000000000000000000000000000000   000000000000000000000000004        170192477882     
0010001300020U 060000000000000000000000000000000000000000000000000000000000000000000004044790000000004044790000000000000000000000000000002112202322122023            000000000000000                              000                           
0010001300021T 0601897X0000000092096 24778822230003344   700000000000334422122023000000000115645755013060000003344                0900000000000010100000000000000000000000000000000000000   000000000000000000000000004        170192477882     
0010001300022U 060000000000000000000000000000000000000000000000000000000000000000000001156450000000001156450000000000000000000000000000002112202322122023            000000000000000                              000                           
0010001300023T 0601897X0000000092096 24778822230003428   700000000000342822122023000000000070264237029350000003428                0900000000000010100000000000000000000000000000000000000   000000000000000000000000004        170192477882     
0010001300024U 060000000000000000000000000000000000000000000000000000000000000000000000702640000000000702640000000000000000000000000000002112202322122023            000000000000000                              000                           
0010001300025T 0601897X0000000092096 24778822230003686   700000000000368622122023000000000101172237002150000003686                0900000000000010100000000000000000000000000000000000000   000000000000000000000000004        170192477882     
0010001300026U 060000000000000000000000000000000000000000000000000000000000000000000001011720000000001011720000000000000000000000000000002112202322122023            000000000000000                              000                           
0010001300027T 0601897X0000000092096 24778822230003704   70000000000037042212202300000000056255200104587X000003704                0900000000000010040000000000000000000000000000000000000   000000000000000000000000034        170192477882     
0010001300028U 060000000000000000000000000000000000000000000000000000000000000000000005625520000000005625520000000000000000000000000000002112202322122023            000000000000000                              000                           
0010001300029T 0601897X0000000092096 24778822230003914   700000000000391422122023000000000388208341005600000003914                0900000000000010100000000000000000000000000000000000000   000000000000000000000000004        170192477882     
0010001300030U 060000000000000000000000000000000000000000000000000000000000000000000003882080000000003882080000000000000000000000000000002112202322122023            000000000000000                              000                           
0010001300031T 0601897X0000000092096 24778822230004184   700000000000418422122023000000000042543104002790000004184                0900000000000010100000000000000000000000000000000000000   000000000000000000000000004        170192477882     
0010001300032U 060000000000000000000000000000000000000000000000000000000000000000000000425430000000000425430000000000000000000000000000002112202322122023            000000000000000                              000                           
0010001300033T 0601897X0000000092096 24778822230004190   700000000000419022122023000000002706238104002850000004190                0900000000000010100000000000000000000000000000000000000   000000000000000000000000004        170192477882     
0010001300034U 060000000000000000000000000000000000000000000000000000000000000000000027062380000000027062380000000000000000000000000000002112202322122023            000000000000000                              000                           
0010001300035T 0601897X0000000092096 24778822230004238   700000000000423822122023000000000536171104002790000004238                0900000000000010100000000000000000000000000000000000000   000000000000000000000000004        170192477882     
0010001300036U 060000000000000000000000000000000000000000000000000000000000000000000005361710000000005361710000000000000000000000000000002112202322122023            000000000000000                              000                           
0010001300037T 0601897X0000000092096 24778822230004286   700000000000428622122023000000000280172001030708000004286                0900000000000010090000000000000000000000000000000000000   000000000000000000000000006        170192477882     
0010001300038U 060000000000000000000000000000000000000000000000000000000000000000000002801720000000002801720000000000000000000000000000002112202322122023            000000000000000                              000                           
0010001300039T 0601897X0000000092096 24778822230004292   700000000000429222122023000000001075955001030708000004292                0900000000000010090000000000000000000000000000000000000   000000000000000000000000006        170192477882     
0010001300040U 060000000000000000000000000000000000000000000000000000000000000000000010759550000000010759550000000000000000000000000000002112202322122023            000000000000000                              000                           
0010001300041T 0601897X0000000092096 24778822230004298   700000000000429822122023000000000025460341001100000004298                0900000000000010100000000000000000000000000000000000000   000000000000000000000000004        170192477882     
0010001300042U 060000000000000000000000000000000000000000000000000000000000000000000000254600000000000254600000000000000000000000000000002112202322122023            000000000000000                              000                           
0010001300043T 0601897X0000000092096 24778822230004304   700000000000430422122023000000002040469001030708000004304                0900000000000010090000000000000000000000000000000000000   000000000000000000000000006        170192477882     
0010001300044U 060000000000000000000000000000000000000000000000000000000000000000000020404690000000020404690000000000000000000000000000002112202322122023            000000000000000                              000                           
0010001300045T 0601897X0000000092096 24778822230004436   700000000000443622122023000000000073706341000300000004436                0900000000000010100000000000000000000000000000000000000   000000000000000000000000004        170192477882     
0010001300046U 060000000000000000000000000000000000000000000000000000000000000000000000737060000000000737060000000000000000000000000000002112202322122023            000000000000000                              000                           
0010001300047T 0601897X0000000092096 24778822230004520   700000000000452022122023000000000093514237033710000004520                0900000000000010100000000000000000000000000000000000000   000000000000000000000000004        170192477882     
0010001300048U 060000000000000000000000000000000000000000000000000000000000000000000000935140000000000935140000000000000000000000000000002112202322122023            000000000000000                              000                           
0010001300049T 0601897X0000000092096 24778822230004718   700000000000471822122023000000000034364341002770000004718                0900000000000010100000000000000000000000000000000000000   000000000000000000000000004        170192477882     
0010001300050U 060000000000000000000000000000000000000000000000000000000000000000000000343640000000000343640000000000000000000000000000002112202322122023            000000000000000                              000                           
0010001300051T 0601897X0000000092096 24778822230005078   700000000000507822122023000000000028305001028576000005078                0900000000000010040000000000000000000000000000000000000   000000000000000000000000034        170192477882     
0010001300052U 060000000000000000000000000000000000000000000000000000000000000000000000283050000000000283050000000000000000000000000000002112202322122023            000000000000000                              000                           
0010001300053T 0601897X0000000092096 24778822230005384   700000000000538422122023000000000047018341004450000005384                0900000000000010100000000000000000000000000000000000000   000000000000000000000000004        170192477882     
0010001300054U 060000000000000000000000000000000000000000000000000000000000000000000000470180000000000470180000000000000000000000000000002112202322122023            000000000000000                              000                           
0010001300055T 0601897X0000000092096 24778822230005474   700000000000547422122023000000000039109237033680000005474                0900000000000010100000000000000000000000000000000000000   000000000000000000000000004        170192477882     
0010001300056U 060000000000000000000000000000000000000000000000000000000000000000000000391090000000000391090000000000000000000000000000002112202322122023            000000000000000                              000                           
0010001300057T 0601897X0000000092096 24778822230005498   700000000000549822122023000000000111299341040050000005498                0900000000000010100000000000000000000000000000000000000   000000000000000000000000004        170192477882     
0010001300058U 060000000000000000000000000000000000000000000000000000000000000000000001112990000000001112990000000000000000000000000000002112202322122023            000000000000000                              000                           
0010001300059T 0601897X0000000092096 24778822230005552   700000000000555222122023000000000024315341004450000005552                0900000000000010100000000000000000000000000000000000000   000000000000000000000000004        170192477882     
0010001300060U 060000000000000000000000000000000000000000000000000000000000000000000000243150000000000243150000000000000000000000000000002112202322122023            000000000000000                              000                           
0010001300061T 0601897X0000000092096 24778822230005570   700000000000557022122023000000000030203237020020000005570                0900000000000010100000000000000000000000000000000000000   000000000000000000000000004        170192477882     
0010001300062U 060000000000000000000000000000000000000000000000000000000000000000000000302030000000000302030000000000000000000000000000002112202322122023            000000000000000                              000                           
0010001300063T 0601897X0000000092096 24778822230005618   700000000000561822122023000000000041231748050300000005618                0900000000000010100000000000000000000000000000000000000   000000000000000000000000004        170192477882     
0010001300064U 060000000000000000000000000000000000000000000000000000000000000000000000412310000000000412310000000000000000000000000000002112202322122023            000000000000000                              000                           
0010001300065T 0601897X0000000092096 24778822230005828   700000000000582822122023000000000053401341001690000005828                0900000000000010100000000000000000000000000000000000000   000000000000000000000000004        170192477882     
0010001300066U 060000000000000000000000000000000000000000000000000000000000000000000000534010000000000534010000000000000000000000000000002112202322122023            000000000000000                              000                           
0010001300067T 0601897X0000000092096 24778822230005894   700000000000589422122023000000000137036341098950000005894                0900000000000010100000000000000000000000000000000000000   000000000000000000000000004        170192477882     
0010001300068U 060000000000000000000000000000000000000000000000000000000000000000000001370360000000001370360000000000000000000000000000002112202322122023            000000000000000                              000                           
0010001300069T 0601897X0000000092096 24778822230005900   700000000000590022122023000000000024373341000410000005900                0900000000000010100000000000000000000000000000000000000   000000000000000000000000004        170192477882     
0010001300070U 060000000000000000000000000000000000000000000000000000000000000000000000243730000000000243730000000000000000000000000000002112202322122023            000000000000000                              000                           
0010001300071T 0601897X0000000092096 24778822230005918   700000000000591822122023000000000024568237003140000005918                0900000000000010100000000000000000000000000000000000000   000000000000000000000000004        170192477882     
0010001300072U 060000000000000000000000000000000000000000000000000000000000000000000000245680000000000245680000000000000000000000000000002112202322122023            000000000000000                              000                           
0010001300073T 0601897X0000000092096 24778822230006092   700000000000609222122023000000000047331237004800000006092                0900000000000010100000000000000000000000000000000000000   000000000000000000000000004        170192477882     
0010001300074U 060000000000000000000000000000000000000000000000000000000000000000000000473310000000000473310000000000000000000000000000002112202322122023            000000000000000                              000                           
0010001300075T 0601897X0000000092096 24778822230006134   700000000000613422122023000000000087830237008920000006134                0900000000000010100000000000000000000000000000000000000   000000000000000000000000004        170192477882     
0010001300076U 060000000000000000000000000000000000000000000000000000000000000000000000878300000000000878300000000000000000000000000000002112202322122023            000000000000000                              000                           
0010001300077T 0601897X0000000092096 24778822230006494   700000000000649422122023000000000215671341005600000006494                0900000000000010100000000000000000000000000000000000000   000000000000000000000000004        170192477882     
0010001300078U 060000000000000000000000000000000000000000000000000000000000000000000002156710000000002156710000000000000000000000000000002112202322122023            000000000000000                              000                           
0010001300079T 0601897X0000000092096 24778822230006680   700000000000668022122023000000000024094033000590000006680                0900000000000010100000000000000000000000000000000000000   000000000000000000000000004        170192477882     
0010001300080U 060000000000000000000000000000000000000000000000000000000000000000000000240940000000000240940000000000000000000000000000002112202322122023            000000000000000                              000                           
0010001300081T 0601897X0000000092096 24778822230006722   700000000000672222122023000000000161637341040050000006722                0900000000000010100000000000000000000000000000000000000   000000000000000000000000004        170192477882     
0010001300082U 060000000000000000000000000000000000000000000000000000000000000000000001616370000000001616370000000000000000000000000000002112202322122023            000000000000000                              000                           
0010001300083T 0601897X0000000092096 24778822230006830   700000000000683022122023000000000035092341027310000006830                0900000000000010100000000000000000000000000000000000000   000000000000000000000000004        170192477882     
0010001300084U 060000000000000000000000000000000000000000000000000000000000000000000000350920000000000350920000000000000000000000000000002112202322122023            000000000000000                              000                           
0010001300085T 0601897X0000000092096 24778822230007058   700000000000705822122023000000000026075237000010000007058                0900000000000010100000000000000000000000000000000000000   000000000000000000000000004        170192477882     
0010001300086U 060000000000000000000000000000000000000000000000000000000000000000000000260750000000000260750000000000000000000000000000002112202322122023            000000000000000                              000                           
0010001300087T 0601897X0000000092096 24778822230007088   700000000000708822122023000000000128817237014040000007088                0900000000000010100000000000000000000000000000000000000   000000000000000000000000004        170192477882     
0010001300088U 060000000000000000000000000000000000000000000000000000000000000000000001288170000000001288170000000000000000000000000000002112202322122023            000000000000000                              000                           
0010001300089T 0601897X0000000092096 24778822230007166   700000000000716622122023000000000032284341064170000007166                0900000000000010100000000000000000000000000000000000000   000000000000000000000000004        170192477882     
0010001300090U 060000000000000000000000000000000000000000000000000000000000000000000000322840000000000322840000000000000000000000000000002112202322122023            000000000000000                              000                           
0010001300091T 0601897X0000000092096 24778829000007574   7000007574      22122023000000006681061104009600000007574                0900000000000010100000000000000000000000000000000000000   000000000000000000000000004        170192477882     
0010001300092U 060000000000000000000000000000000000000000000000000000000000000000000066810610000000066810610000000000000000000000000000002112202322122023            000000000000000                              000                           
0010001300093T 0601897X0000000092096 24778829000007882   7000007882      22122023000000000028151237000460000007882                0900000000000010100000000000000000000000000000000000000   000000000000000000000000004        170192477882     
0010001300094U 060000000000000000000000000000000000000000000000000000000000000000000000281510000000000281510000000000000000000000000000002112202322122023            000000000000000                              000                           
0010001300095T 0601897X0000000092096 24778829000007916   7000007916      22122023000000000029582422000100000007916                0900000000000010100000000000000000000000000000000000000   000000000000000000000000004        170192477882     
0010001300096U 060000000000000000000000000000000000000000000000000000000000000000000000295820000000000295820000000000000000000000000000002112202322122023            000000000000000                              000                           
0010001300097T 0601897X0000000092096 24778829000007943   7000007943      22122023000000000024859341005460000007943                0900000000000010100000000000000000000000000000000000000   000000000000000000000000004        170192477882     
0010001300098U 060000000000000000000000000000000000000000000000000000000000000000000000248590000000000248590000000000000000000000000000002112202322122023            000000000000000                              000                           
0010001300099T 0601897X0000000092096 24778829000007967   7000007967      22122023000000000171150341009120000007967                0900000000000010100000000000000000000000000000000000000   000000000000000000000000004        170192477882     
0010001300100U 060000000000000000000000000000000000000000000000000000000000000000000001711500000000001711500000000000000000000000000000002112202322122023            000000000000000                              000                           
0010001300101T 0601897X0000000092096 24778829000007973   7000007973      22122023000000000018685341000300000007973                0900000000000010100000000000000000000000000000000000000   000000000000000000000000004        170192477882     
0010001300102U 060000000000000000000000000000000000000000000000000000000000000000000000186850000000000186850000000000000000000000000000002112202322122023            000000000000000                              000                           
0010001300103T 0601897X0000000092096 24778829000007980   7000007980      22122023000000000028247341071820000007980                0900000000000010100000000000000000000000000000000000000   000000000000000000000000004        170192477882     
0010001300104U 060000000000000000000000000000000000000000000000000000000000000000000000282470000000000282470000000000000000000000000000002112202322122023            000000000000000                              000                           
0010001300105T 1401897X0000000092096 24778829000007981   7000007981      22122023000000000019415001003190000007981                0900000000000000000000000000000000000000000000000000000   000000000000000000000000000        170192477882     
0010001300106U 140000000000000000000000000000000000000000000000000000000000000000000000000000000000000000000000000000000000000000000000002112202300000000            000000000000000                              000                           
00100015         000108000702000000004635442120000000000000000000000000000000000000000000000000000000000000000000000000000000000000000000000000000                                                                                              
00199999         000001000110000000                                                                                                                                                            00000000000000000000000000000                    
