00100000         2115139610001160024778820014       01897X0000000092096 FUNDACAO AGENCIA DAS BACIAS HIBANCO DO BRASIL                         22812202302081600546703000000829973081PROCESSAMEN                                                 
00100011T0100020 20115139610001160024778820014       01897X0000000092096 FUNDACAO AGENCIA DAS BACIAS HI                                                                                000000002812202300000000  000000000                      
0010001300001T 0601897X0000000092096 24778822230006932   700000000000693222122023000000000034254748077510000006932                0900000000000010100000000000000000000000000000000000000   000000000000000000000000004        170192477882     
0010001300002U 060000000000007530000000000000000000000000000000000000000000000000000000350070000000000350070000000000000000000000000000002812202329122023            000000000000000                              000                           
0010001300003T 0601897X0000000092096 24778829000007963   7000007963      29122023000000000020030756001550000007963                0900000000000010100000000000000000000000000000000000000   000000000000000000000000004        170192477882     
0010001300004U 060000000000000000000000000000000000000000000000000000000000000000000000200300000000000200300000000000000000000000000000002812202329122023            000000000000000                              000                           
0010001300005T 0601897X0000000092096 24778829000007982   7000007982      29122023000000000020121033015660000007982                0900000000000010100000000000000000000000000000000000000   000000000000000000000000004        170192477882     
0010001300006U 060000000000000000000000000000000000000000000000000000000000000000000000201210000000000201210000000000000000000000000000002812202329122023            000000000000000                              000                           
0010001300007T 0601897X0000000092096 24778829000007985   7000007985      29122023000000000079385001031437000007985                0900000000000010040000000000000000000000000000000000000   000000000000000000000000034        170192477882     
0010001300008U 060000000000000000000000000000000000000000000000000000000000000000000000793850000000000793850000000000000000000000000000002812202329122023            000000000000000                              000                           
0010001300009T 0601897X0000000092096 24778829000007986   7000007986      2912202300000000005751600100216X000007986                0900000000000010040000000000000000000000000000000000000   000000000000000000000000034        170192477882     
0010001300010U 060000000000000000000000000000000000000000000000000000000000000000000000575160000000000575160000000000000000000000000000002812202329122023            000000000000000                              000                           
0010001300011T 0601897X0000000092096 24778829000007987   7000007987      29122023000000000010416341002620000007987                0900000000000010100000000000000000000000000000000000000   000000000000000000000000004        170192477882     
0010001300012U 060000000000000000000000000000000000000000000000000000000000000000000000104160000000000104160000000000000000000000000000002812202329122023            000000000000000                              000                           
0010001300013T 0601897X0000000092096 24778829000007989   7000007989      28122023000000001686611001030708000007989                0900000000000010090000000000000000000000000000000000000   000000000000000000000000006        170192477882     
0010001300014U 060000000000000000000000000000000000000000000000000000000000000000000016866110000000016866110000000000000000000000000000002812202329122023            000000000000000                              000                           
0010001300015T 0901897X0000000092096 24778822230003919   700000000000391930112023000000002939256001041467000003919                0900000000000000000000000000000000000000000000000000000   000000000000000000000037210        170192477882     
0010001300016U 090000000000000000000000000000000000000000000000000000000000000000000000000000000000000000000000000000000000000000000000002812202300000000            000000000000000                              000                           
0010001300017T 0901897X0000000092096 24778822230003920   700000000000392022122023000000002939256001041467000003920                0900000000000000000000000000000000000000000000000000000   000000000000000000000037210        170192477882     
0010001300018U 090000000000000000000000000000000000000000000000000000000000000000000000000000000000000000000000000000000000000000000000002812202300000000            000000000000000                              000                           
0010001300019T 0901897X0000000092096 24778829000007377   7000007377      22122023000000002036794001041467000007377                0900000000000000000000000000000000000000000000000000000   000000000000000000000037210        170192477882     
0010001300020U 090000000000000000000000000000000000000000000000000000000000000000000000000000000000000000000000000000000000000000000000002812202300000000            000000000000000                              000                           
0010001300021T 0901897X0000000092096 24778829000007907   7000007907      31012024000000002036794001041467000007907                0900000000000000000000000000000000000000000000000000000   000000000000000000000037210        170192477882     
0010001300022U 090000000000000000000000000000000000000000000000000000000000000000000000000000000000000000000000000000000000000000000000002812202300000000            000000000000000                              000                           
0010001300023T 0901897X0000000092096 24778829000007908   7000007908      29022024000000002036794001041467000007908                0900000000000000000000000000000000000000000000000000000   000000000000000000000037210        170192477882     
0010001300024U 090000000000000000000000000000000000000000000000000000000000000000000000000000000000000000000000000000000000000000000000002812202300000000            000000000000000                              000                           
0010001300025T 0901897X0000000092096 24778829000007909   7000007909      28032024000000002036794001041467000007909                0900000000000000000000000000000000000000000000000000000   000000000000000000000037210        170192477882     
0010001300026U 090000000000000000000000000000000000000000000000000000000000000000000000000000000000000000000000000000000000000000000000002812202300000000            000000000000000                              000                           
0010001300027T 0901897X0000000092096 24778829000007910   7000007910      30042024000000002036794001041467000007910                0900000000000000000000000000000000000000000000000000000   000000000000000000000037210        170192477882     
0010001300028U 090000000000000000000000000000000000000000000000000000000000000000000000000000000000000000000000000000000000000000000000002812202300000000            000000000000000                              000                           
0010001300029T 0901897X0000000092096 24778829000007911   7000007911      31052024000000002036794001041467000007911                0900000000000000000000000000000000000000000000000000000   000000000000000000000037210        170192477882     
0010001300030U 090000000000000000000000000000000000000000000000000000000000000000000000000000000000000000000000000000000000000000000000002812202300000000            000000000000000                              000                           
0010001300031T 0901897X0000000092096 24778829000007912   7000007912      28062024000000002036794001041467000007912                0900000000000000000000000000000000000000000000000000000   000000000000000000000037210        170192477882     
0010001300032U 090000000000000000000000000000000000000000000000000000000000000000000000000000000000000000000000000000000000000000000000002812202300000000            000000000000000                              000                           
00100015         000034000260000000002150395960000000000000000000000000000000000000000000000000000000000000000000000000000000000000000000000000000                                                                                              
00199999         000001000036000000                                                                                                                                                            00000000000000000000000000000                    
