00100000         2115139610001160024778820014       01897X0000000092096 FUNDACAO AGENCIA DAS BACIAS HIBANCO DO BRASIL                         21112202302484600544303000000829973081PROCESSAMEN                                                 
00100011T0100020 20115139610001160024778820014       01897X0000000092096 FUNDACAO AGENCIA DAS BACIAS HI                                                                                000000001112202300000000  000000000                      
0010001300001T 0201897X0000000092096 24778829000007935   7000007935      29122023000000000026831001001678000007935                0900000000000010500000000000000000000000000000000000000   0000000000000000000000480A9A4      170192477882     
0010001300002U 020000000000000000000000000000000000000000000000000000000000000000000000000000000000000000000000000000000000000000000000001112202300000000            000000000000000                              000                           
0010001300003T 0201897X0000000092096 24778829000007936   7000007936      29122023000000000025421001008117000007936                0900000000000010000000000000000000000000000000000000000   0000000000000000000000480A9        170192477882     
0010001300004U 020000000000000000000000000000000000000000000000000000000000000000000000000000000000000000000000000000000000000000000000001112202300000000            000000000000000                              000                           
0010001300005T 0201897X0000000092096 24778829000007937   7000007937      29122023000000000028365001009946000007937                0900000000000010500000000000000000000000000000000000000   0000000000000000000000480A9A4      170192477882     
0010001300006U 020000000000000000000000000000000000000000000000000000000000000000000000000000000000000000000000000000000000000000000000001112202300000000            000000000000000                              000                           
0010001300007T 0201897X0000000092096 24778829000007938   7000007938      2912202300000000002510700101849X000007938                0900000000000010500000000000000000000000000000000000000   0000000000000000000000480A9A4      170192477882     
0010001300008U 020000000000000000000000000000000000000000000000000000000000000000000000000000000000000000000000000000000000000000000000001112202300000000            000000000000000                              000                           
0010001300009T 0201897X0000000092096 24778829000007939   7000007939      29122023000000000025166001000574000007939                0900000000000010500000000000000000000000000000000000000   0000000000000000000000480A9A4      170192477882     
0010001300010U 020000000000000000000000000000000000000000000000000000000000000000000000000000000000000000000000000000000000000000000000001112202300000000            000000000000000                              000                           
0010001300011T 0201897X0000000092096 24778829000007940   7000007940      29122023000000000025541001003190000007940                0900000000000010000000000000000000000000000000000000000   0000000000000000000000480A9        170192477882     
0010001300012U 020000000000000000000000000000000000000000000000000000000000000000000000000000000000000000000000000000000000000000000000001112202300000000            000000000000000                              000                           
0010001300013T 0201897X0000000092096 24778829000007941   7000007941      29122023000000000024908001003190000007941                0900000000000010500000000000000000000000000000000000000   0000000000000000000000480A9A4      170192477882     
0010001300014U 020000000000000000000000000000000000000000000000000000000000000000000000000000000000000000000000000000000000000000000000001112202300000000            000000000000000                              000                           
0010001300015T 0201897X0000000092096 24778829000007942   7000007942      29122023000000000028574001008117000007942                0900000000000010000000000000000000000000000000000000000   0000000000000000000000480A9        170192477882     
0010001300016U 020000000000000000000000000000000000000000000000000000000000000000000000000000000000000000000000000000000000000000000000001112202300000000            000000000000000                              000                           
0010001300017T 0201897X0000000092096 24778829000007943   7000007943      2912202300000000002485900101849X000007943                0900000000000010500000000000000000000000000000000000000   0000000000000000000000480A9A4      170192477882     
0010001300018U 020000000000000000000000000000000000000000000000000000000000000000000000000000000000000000000000000000000000000000000000001112202300000000            000000000000000                              000                           
0010001300019T 0201897X0000000092096 24778829000007944   7000007944      29122023000000000030093001009903000007944                0900000000000010500000000000000000000000000000000000000   0000000000000000000000480A9A4      170192477882     
0010001300020U 020000000000000000000000000000000000000000000000000000000000000000000000000000000000000000000000000000000000000000000000001112202300000000            000000000000000                              000                           
0010001300021T 0201897X0000000092096 24778829000007945   7000007945      29122023000000000041798001009903000007945                0900000000000010500000000000000000000000000000000000000   0000000000000000000000480A9A4      170192477882     
0010001300022U 020000000000000000000000000000000000000000000000000000000000000000000000000000000000000000000000000000000000000000000000001112202300000000            000000000000000                              000                           
0010001300023T 0201897X0000000092096 24778829000007946   7000007946      2912202300000000002510700100216X000007946                0900000000000010000000000000000000000000000000000000000   0000000000000000000000480A9        170192477882     
0010001300024U 020000000000000000000000000000000000000000000000000000000000000000000000000000000000000000000000000000000000000000000000001112202300000000            000000000000000                              000                           
0010001300025T 0201897X0000000092096 24778829000007947   7000007947      29122023000000000013038001000566000007947                0900000000000010500000000000000000000000000000000000000   0000000000000000000000480A9A4      170192477882     
0010001300026U 020000000000000000000000000000000000000000000000000000000000000000000000000000000000000000000000000000000000000000000000001112202300000000            000000000000000                              000                           
0010001300027T 0201897X0000000092096 24778829000007948   7000007948      29122023000000000043845001004561000007948                0900000000000010500000000000000000000000000000000000000   0000000000000000000000480A9A4      170192477882     
0010001300028U 020000000000000000000000000000000000000000000000000000000000000000000000000000000000000000000000000000000000000000000000001112202300000000            000000000000000                              000                           
0010001300029T 0201897X0000000092096 24778829000007949   7000007949      29122023000000000046843001003409000007949                0900000000000010000000000000000000000000000000000000000   0000000000000000000000480A9        170192477882     
0010001300030U 020000000000000000000000000000000000000000000000000000000000000000000000000000000000000000000000000000000000000000000000001112202300000000            000000000000000                              000                           
0010001300031T 0201897X0000000092096 24778829000007950   7000007950      29122023000000000022542001001678000007950                0900000000000010000000000000000000000000000000000000000   0000000000000000000000480A9        170192477882     
0010001300032U 020000000000000000000000000000000000000000000000000000000000000000000000000000000000000000000000000000000000000000000000001112202300000000            000000000000000                              000                           
0010001300033T 0601897X0000000092096 24778822230004790   700000000000479022122023000000000112615237002140000004790                0900000000000010100000000000000000000000000000000000000   000000000000000000000000004        170192477882     
0010001300034U 060000000000000000000000000000000000000000000000000000000000000000000001126150000000001126150000000000000000000000000000001112202312122023            000000000000000                              000                           
0010001300035T 0601897X0000000092096 24778822230005408   700000000000540822122023000000000033932341000120000005408                0900000000000010100000000000000000000000000000000000000   000000000000000000000000004        170192477882     
0010001300036U 060000000000000000000000000000000000000000000000000000000000000000000000339320000000000339320000000000000000000000000000001112202312122023            000000000000000                              000                           
0010001300037T 0601897X0000000092096 24778822230005750   700000000000575022122023000000000036596001009903000005750                0900000000000010060000000000000000000000000000000000000   000000000000000000000000033        170192477882     
0010001300038U 060000000000000000000000000000000000000000000000000000000000000000000000365960000000000365960000000000000000000000000000001112202312122023            000000000000000                              000                           
0010001300039T 0601897X0000000092096 24778829000007873   7000007873      22122023000000000033237756078700000007873                0900000000000010100000000000000000000000000000000000000   000000000000000000000000004        170192477882     
0010001300040U 060000000000000000000000000000000000000000000000000000000000000000000000332370000000000332370000000000000000000000000000001112202312122023            000000000000000                              000                           
0010001300041T 0601897X0000000092096 24778829000007874   7000007874      11122023000000000038357341015650000007874                0900000000000010100000000000000000000000000000000000000   000000000000000000000000004        170192477882     
0010001300042U 060000000000000000000000000000000000000000000000000000000000000000000000383570000000000383570000000000000000000000000000001112202312122023            000000000000000                              000                           
0010001300043T 0601897X0000000092096 24778829000007919   7000007919      22122023000000000026397341048710000007919                0900000000000010100000000000000000000000000000000000000   000000000000000000000000004        170192477882     
0010001300044U 060000000000000000000000000000000000000000000000000000000000000000000000263970000000000263970000000000000000000000000000001112202312122023            000000000000000                              000                           
0010001300045T 0601897X0000000092096 24778829000007934   7000007934      22122023000000000025023237003220000007934                0900000000000010100000000000000000000000000000000000000   000000000000000000000000004        170192477882     
0010001300046U 060000000000000000000000000000000000000000000000000000000000000000000000250230000000000250230000000000000000000000000000001112202312122023            000000000000000                              000                           
0010001300047T 0901897X0000000092096 24778829000007838   7000007838      30112023000000000043411001004561000007838                0900000000000000000000000000000000000000000000000000000   000000000000000000000036010        170192477882     
0010001300048U 090000000000000000000000000000000000000000000000000000000000000000000000000000000000000000000000000000000000000000000000001112202300000000            000000000000000                              000                           
0010001300049T 5201897X0000000092096 24778829000007915   7000007915      22122023000000000029476001009946000007915                0900000000000000000000000000000000000000000000000000000   000000000000000000000000000        170192477882     
0010001300050U 520000000000000000000000000000000000000000000000000000000000000000000000000000000000000000000000000000000000000000000000001112202300000000            000000000000000                              000                           
0010001300051T 1401897X0000000092096 24778829000007932   7000007932      22122023000000000024605001001724000007932                0900000000000000000000000000000000000000000000000000000   000000000000000000000000000        170192477882     
0010001300052U 140000000000000000000000000000000000000000000000000000000000000000000000000000000000000000000000000000000000000000000000001112202300000000            000000000000000                              000                           
0010001300053T 1401897X0000000092096 24778829000007933   7000007933      22122023000000000025023001000566000007933                0900000000000000000000000000000000000000000000000000000   000000000000000000000000000        170192477882     
0010001300054U 140000000000000000000000000000000000000000000000000000000000000000000000000000000000000000000000000000000000000000000000001112202300000000            000000000000000                              000                           
0010001300055T 1401897X0000000092096 24778829000007934   7000007934      22122023000000000025023001009903000007934                0900000000000000000000000000000000000000000000000000000   000000000000000000000000000        170192477882     
0010001300056U 140000000000000000000000000000000000000000000000000000000000000000000000000000000000000000000000000000000000000000000000001112202300000000            000000000000000                              000                           
00100015         000058000877000000005015862890000000000000000000000000000000000000000000000000000000000000000000000000000000000000000000000000000                                                                                              
00199999         000001000060000000                                                                                                                                                            00000000000000000000000000000                    
