00100000         2115139610001160024778820014       01897X0000000092096 FUNDACAO AGENCIA DAS BACIAS HIBANCO DO BRASIL                         20911202301210700540103000000829973081PROCESSAMEN                                                 
00100011T0100020 20115139610001160024778820014       01897X0000000092096 FUNDACAO AGENCIA DAS BACIAS HI                                                                                000000000911202300000000  000000000                      
0010001300001T 0201897X0000000092096 24778829000007812   7000007812      30112023000000000095522001008117000007812                0900000000000010000000000000000000000000000000000000000   0000000000000000000000480A9        170192477882     
0010001300002U 020000000000000000000000000000000000000000000000000000000000000000000000000000000000000000000000000000000000000000000000000911202300000000            000000000000000                              000                           
0010001300003T 0201897X0000000092096 24778829000007813   7000007813      30112023000000000093888001009946000007813                0900000000000010500000000000000000000000000000000000000   0000000000000000000000480A9A4      170192477882     
0010001300004U 020000000000000000000000000000000000000000000000000000000000000000000000000000000000000000000000000000000000000000000000000911202300000000            000000000000000                              000                           
0010001300005T 0201897X0000000092096 24778829000007814   7000007814      30112023000000000092995001003409000007814                0900000000000010500000000000000000000000000000000000000   0000000000000000000000480A9A4      170192477882     
0010001300006U 020000000000000000000000000000000000000000000000000000000000000000000000000000000000000000000000000000000000000000000000000911202300000000            000000000000000                              000                           
0010001300007T 0201897X0000000092096 24778829000007815   7000007815      30112023000000000050494001008117000007815                0900000000000010500000000000000000000000000000000000000   0000000000000000000000480A9A4      170192477882     
0010001300008U 020000000000000000000000000000000000000000000000000000000000000000000000000000000000000000000000000000000000000000000000000911202300000000            000000000000000                              000                           
0010001300009T 0601897X0000000092096 24778822230003000   700000000000300031102023000000000060652341000190000003000                0900000000000010100000000000000000000000000000000000000   000000000000000000000000004        170192477882     
0010001300010U 060000000000013940000000000000000000000000000000000000000000000000000000620460000000000620460000000000000000000000000000000911202310112023            000000000000000                              000                           
0010001300011T 0601897X0000000092096 24778822230003835   700000000000383530112023000000000145667341000090000003835                0900000000000010100000000000000000000000000000000000000   000000000000000000000000004        170192477882     
0010001300012U 060000000000000000000000000000000000000000000000000000000000000000000001456670000000001456670000000000000000000000000000000911202310112023            000000000000000                              000                           
0010001300013T 0601897X0000000092096 24778822230006457   700000000000645730112023000000000037538341081470000006457                0900000000000010100000000000000000000000000000000000000   000000000000000000000000004        170192477882     
0010001300014U 060000000000000000000000000000000000000000000000000000000000000000000000375380000000000375380000000000000000000000000000000911202310112023            000000000000000                              000                           
0010001300015T 0601897X0000000092096 24778822230006787   700000000000678730112023000000000052481341014030000006787                0900000000000010100000000000000000000000000000000000000   000000000000000000000000004        170192477882     
0010001300016U 060000000000000000000000000000000000000000000000000000000000000000000000524810000000000524810000000000000000000000000000000911202310112023            000000000000000                              000                           
0010001300017T 0601897X0000000092096 24778822230007099   70000000000070993011202300000000002141700103584X000007099                0900000000000010060000000000000000000000000000000000000   000000000000000000000000033        170192477882     
0010001300018U 060000000000000000000000000000000000000000000000000000000000000000000000214170000000000214170000000000000000000000000000000911202310112023            000000000000000                              000                           
0010001300019T 0601897X0000000092096 24778822230007100   70000000000071002212202300000000002141700103584X000007100                0900000000000010060000000000000000000000000000000000000   000000000000000000000000033        170192477882     
0010001300020U 060000000000000000000000000000000000000000000000000000000000000000000000214170000000000214170000000000000000000000000000000911202310112023            000000000000000                              000                           
0010001300021T 0901897X0000000092096 24778829000007682   7000007682      31102023000000001352045001004561000007682                0900000000000000000000000000000000000000000000000000000   000000000000000000000036010        170192477882     
0010001300022U 090000000000000000000000000000000000000000000000000000000000000000000000000000000000000000000000000000000000000000000000000911202300000000            000000000000000                              000                           
0010001300023T 5201897X0000000092096 24778829000007803   7000007803      30112023000000000052993001003190000007803                0900000000000000000000000000000000000000000000000000000   000000000000000000000000000        170192477882     
0010001300024U 520000000000000000000000000000000000000000000000000000000000000000000000000000000000000000000000000000000000000000000000000911202300000000            000000000000000                              000                           
00100015         000026001709000000006457638700000000000000000000000000000000000000000000000000000000000000000000000000000000000000000000000000000                                                                                              
00199999         000001000028000000                                                                                                                                                            00000000000000000000000000000                    
