00100000         2115139610001160024778820014       01897X0000000092096 FUNDACAO AGENCIA DAS BACIAS HIBANCO DO BRASIL                         22012202301411200545703000000829973081PROCESSAMEN                                                 
00100011T0100020 20115139610001160024778820014       01897X0000000092096 FUNDACAO AGENCIA DAS BACIAS HI                                                                                000000002012202300000000  000000000                      
0010001300001T 0601897X0000000092096 24778822230002906   70000000000029062212202300000000008027000103360X000002906                0900000000000010040000000000000000000000000000000000000   000000000000000000000000034        170192477882     
0010001300002U 060000000000000000000000000000000000000000000000000000000000000000000000802700000000000802700000000000000000000000000000002012202321122023            000000000000000                              000                           
0010001300003T 0601897X0000000092096 24778822230002912   700000000000291222122023000000000045218341008970000002912                0900000000000010100000000000000000000000000000000000000   000000000000000000000000004        170192477882     
0010001300004U 060000000000000000000000000000000000000000000000000000000000000000000000452180000000000452180000000000000000000000000000002012202321122023            000000000000000                              000                           
0010001300005T 0601897X0000000092096 24778822230002984   700000000000298422122023000000000034046341001830000002984                0900000000000010100000000000000000000000000000000000000   000000000000000000000000004        170192477882     
0010001300006U 060000000000000000000000000000000000000000000000000000000000000000000000340460000000000340460000000000000000000000000000002012202321122023            000000000000000                              000                           
0010001300007T 0601897X0000000092096 24778822230003512   700000000000351222122023000000000330272237020020000003512                0900000000000010100000000000000000000000000000000000000   000000000000000000000000004        170192477882     
0010001300008U 060000000000000000000000000000000000000000000000000000000000000000000003302720000000003302720000000000000000000000000000002012202321122023            000000000000000                              000                           
0010001300009T 0601897X0000000092096 24778822230003602   700000000000360222122023000000006656616104003420000003602                0900000000000010100000000000000000000000000000000000000   000000000000000000000000004        170192477882     
0010001300010U 060000000000000000000000000000000000000000000000000000000000000000000066566160000000066566160000000000000000000000000000002012202321122023            000000000000000                              000                           
0010001300011T 0601897X0000000092096 24778822230003680   700000000000368022122023000000000352243237033710000003680                0900000000000010100000000000000000000000000000000000000   000000000000000000000000004        170192477882     
0010001300012U 060000000000000000000000000000000000000000000000000000000000000000000003522430000000003522430000000000000000000000000000002012202321122023            000000000000000                              000                           
0010001300013T 0601897X0000000092096 24778822230003734   700000000000373422122023000000000146171487000010000003734                0900000000000010100000000000000000000000000000000000000   000000000000000000000000004        170192477882     
0010001300014U 060000000000000000000000000000000000000000000000000000000000000000000001461710000000001461710000000000000000000000000000002012202321122023            000000000000000                              000                           
0010001300015T 0601897X0000000092096 24778822230003776   700000000000377622122023000000000083694341008970000003776                0900000000000010100000000000000000000000000000000000000   000000000000000000000000004        170192477882     
0010001300016U 060000000000000000000000000000000000000000000000000000000000000000000000836940000000000836940000000000000000000000000000002012202321122023            000000000000000                              000                           
0010001300017T 0601897X0000000092096 24778822230003932   700000000000393222122023000000000568731001022004000003932                0900000000000010040000000000000000000000000000000000000   000000000000000000000000034        170192477882     
0010001300018U 060000000000000000000000000000000000000000000000000000000000000000000005687310000000005687310000000000000000000000000000002012202321122023            000000000000000                              000                           
0010001300019T 0601897X0000000092096 24778822230004016   700000000000401622122023000000001085405104030800000004016                0900000000000010100000000000000000000000000000000000000   000000000000000000000000004        170192477882     
0010001300020U 060000000000000000000000000000000000000000000000000000000000000000000010854050000000010854050000000000000000000000000000002012202321122023            000000000000000                              000                           
0010001300021T 0601897X0000000092096 24778822230004256   700000000000425622122023000000000022329341000120000004256                0900000000000010100000000000000000000000000000000000000   000000000000000000000000004        170192477882     
0010001300022U 060000000000000000000000000000000000000000000000000000000000000000000000223290000000000223290000000000000000000000000000002012202321122023            000000000000000                              000                           
0010001300023T 0601897X0000000092096 24778822230004274   700000000000427422122023000000000038899341000120000004274                0900000000000010100000000000000000000000000000000000000   000000000000000000000000004        170192477882     
0010001300024U 060000000000000000000000000000000000000000000000000000000000000000000000388990000000000388990000000000000000000000000000002012202321122023            000000000000000                              000                           
0010001300025T 0601897X0000000092096 24778822230004310   700000000000431022122023000000000189860033022710000004310                0900000000000010100000000000000000000000000000000000000   000000000000000000000000004        170192477882     
0010001300026U 060000000000000000000000000000000000000000000000000000000000000000000001898600000000001898600000000000000000000000000000002012202321122023            000000000000000                              000                           
0010001300027T 0601897X0000000092096 24778822230004532   700000000000453222122023000000000024315341000540000004532                0900000000000010100000000000000000000000000000000000000   000000000000000000000000004        170192477882     
0010001300028U 060000000000000000000000000000000000000000000000000000000000000000000000243150000000000243150000000000000000000000000000002012202321122023            000000000000000                              000                           
0010001300029T 0601897X0000000092096 24778822230004574   700000000000457422122023000000000051886033022710000004574                0900000000000010100000000000000000000000000000000000000   000000000000000000000000004        170192477882     
0010001300030U 060000000000000000000000000000000000000000000000000000000000000000000000518860000000000518860000000000000000000000000000002012202321122023            000000000000000                              000                           
0010001300031T 0601897X0000000092096 24778822230004712   700000000000471222122023000000001774060341009100000004712                0900000000000010100000000000000000000000000000000000000   000000000000000000000000004        170192477882     
0010001300032U 060000000000000000000000000000000000000000000000000000000000000000000017740600000000017740600000000000000000000000000000002012202321122023            000000000000000                              000                           
0010001300033T 0601897X0000000092096 24778822230004742   700000000000474222122023000000000261538237003060000004742                0900000000000010100000000000000000000000000000000000000   000000000000000000000000004        170192477882     
0010001300034U 060000000000000000000000000000000000000000000000000000000000000000000002615380000000002615380000000000000000000000000000002012202321122023            000000000000000                              000                           
0010001300035T 0601897X0000000092096 24778822230004748   700000000000474822122023000000000037683237002140000004748                0900000000000010100000000000000000000000000000000000000   000000000000000000000000004        170192477882     
0010001300036U 060000000000000000000000000000000000000000000000000000000000000000000000376830000000000376830000000000000000000000000000002012202321122023            000000000000000                              000                           
0010001300037T 0601897X0000000092096 24778822230005174   700000000000517422122023000000000133621237009270000005174                0900000000000010100000000000000000000000000000000000000   000000000000000000000000004        170192477882     
0010001300038U 060000000000000000000000000000000000000000000000000000000000000000000001336210000000001336210000000000000000000000000000002012202321122023            000000000000000                              000                           
0010001300039T 0601897X0000000092096 24778822230005222   700000000000522222122023000000000328638237013680000005222                0900000000000010100000000000000000000000000000000000000   000000000000000000000000004        170192477882     
0010001300040U 060000000000000000000000000000000000000000000000000000000000000000000003286380000000003286380000000000000000000000000000002012202321122023            000000000000000                              000                           
0010001300041T 0601897X0000000092096 24778822230005240   700000000000524022122023000000000028545341000920000005240                0900000000000010100000000000000000000000000000000000000   000000000000000000000000004        170192477882     
0010001300042U 060000000000000000000000000000000000000000000000000000000000000000000000285450000000000285450000000000000000000000000000002012202321122023            000000000000000                              000                           
0010001300043T 0601897X0000000092096 24778822230005360   700000000000536022122023000000000063626341002770000005360                0900000000000010100000000000000000000000000000000000000   000000000000000000000000004        170192477882     
0010001300044U 060000000000000000000000000000000000000000000000000000000000000000000000636260000000000636260000000000000000000000000000002012202321122023            000000000000000                              000                           
0010001300045T 0601897X0000000092096 24778822230005378   700000000000537822122023000000000095085001026565000005378                0900000000000010040000000000000000000000000000000000000   000000000000000000000000034        170192477882     
0010001300046U 060000000000000000000000000000000000000000000000000000000000000000000000950850000000000950850000000000000000000000000000002012202321122023            000000000000000                              000                           
0010001300047T 0601897X0000000092096 24778822230005522   700000000000552222122023000000000020021033048780000005522                0900000000000010100000000000000000000000000000000000000   000000000000000000000000004        170192477882     
0010001300048U 060000000000000000000000000000000000000000000000000000000000000000000000200210000000000200210000000000000000000000000000002012202321122023            000000000000000                              000                           
0010001300049T 0601897X0000000092096 24778822230005546   700000000000554622122023000000000031717033003920000005546                0900000000000010100000000000000000000000000000000000000   000000000000000000000000004        170192477882     
0010001300050U 060000000000000000000000000000000000000000000000000000000000000000000000317170000000000317170000000000000000000000000000002012202321122023            000000000000000                              000                           
0010001300051T 0601897X0000000092096 24778822230005708   700000000000570822122023000000000058380033000130000005708                0900000000000010100000000000000000000000000000000000000   000000000000000000000000004        170192477882     
0010001300052U 060000000000000000000000000000000000000000000000000000000000000000000000583800000000000583800000000000000000000000000000002012202321122023            000000000000000                              000                           
0010001300053T 0601897X0000000092096 24778822230005792   700000000000579222122023000000001760562001045276000005792                0900000000000010040000000000000000000000000000000000000   000000000000000000000000034        170192477882     
0010001300054U 060000000000000000000000000000000000000000000000000000000000000000000017605620000000017605620000000000000000000000000000002012202321122023            000000000000000                              000                           
0010001300055T 0601897X0000000092096 24778822230005816   700000000000581622122023000000012002047104030800000005816                0900000000000010100000000000000000000000000000000000000   000000000000000000000000004        170192477882     
0010001300056U 060000000000000000000000000000000000000000000000000000000000000000000120020470000000120020470000000000000000000000000000002012202321122023            000000000000000                              000                           
0010001300057T 0601897X0000000092096 24778822230005936   700000000000593622122023000000000087942341001360000005936                0900000000000010100000000000000000000000000000000000000   000000000000000000000000004        170192477882     
0010001300058U 060000000000000000000000000000000000000000000000000000000000000000000000879420000000000879420000000000000000000000000000002012202321122023            000000000000000                              000                           
0010001300059T 0601897X0000000092096 24778822230006050   700000000000605022122023000000000212489237024860000006050                0900000000000010100000000000000000000000000000000000000   000000000000000000000000004        170192477882     
0010001300060U 060000000000000000000000000000000000000000000000000000000000000000000002124890000000002124890000000000000000000000000000002012202321122023            000000000000000                              000                           
0010001300061T 0601897X0000000092096 24778822230006200   700000000000620022122023000000000146383237003060000006200                0900000000000010100000000000000000000000000000000000000   000000000000000000000000004        170192477882     
0010001300062U 060000000000000000000000000000000000000000000000000000000000000000000001463830000000001463830000000000000000000000000000002012202321122023            000000000000000                              000                           
0010001300063T 0601897X0000000092096 24778822230006224   700000000000622422122023000000000031717341000040000006224                0900000000000010100000000000000000000000000000000000000   000000000000000000000000004        170192477882     
0010001300064U 060000000000000000000000000000000000000000000000000000000000000000000000317170000000000317170000000000000000000000000000002012202321122023            000000000000000                              000                           
0010001300065T 0601897X0000000092096 24778822230006296   700000000000629622122023000000000024712033002850000006296                0900000000000010100000000000000000000000000000000000000   000000000000000000000000004        170192477882     
0010001300066U 060000000000000000000000000000000000000000000000000000000000000000000000247120000000000247120000000000000000000000000000002012202321122023            000000000000000                              000                           
0010001300067T 0601897X0000000092096 24778822230006428   700000000000642822122023000000000021567033002850000006428                0900000000000010100000000000000000000000000000000000000   000000000000000000000000004        170192477882     
0010001300068U 060000000000000000000000000000000000000000000000000000000000000000000000215670000000000215670000000000000000000000000000002012202321122023            000000000000000                              000                           
0010001300069T 0601897X0000000092096 24778822230006476   700000000000647622122023000000000043915237033900000006476                0900000000000010100000000000000000000000000000000000000   000000000000000000000000004        170192477882     
0010001300070U 060000000000000000000000000000000000000000000000000000000000000000000000439150000000000439150000000000000000000000000000002012202321122023            000000000000000                              000                           
0010001300071T 0601897X0000000092096 24778822230006506   700000000000650622122023000000000039523748054240000006506                0900000000000010100000000000000000000000000000000000000   000000000000000000000000004        170192477882     
0010001300072U 060000000000000000000000000000000000000000000000000000000000000000000000395230000000000395230000000000000000000000000000002012202321122023            000000000000000                              000                           
0010001300073T 0601897X0000000092096 24778822230006590   70000000000065902212202300000000009854900101897X000006590                0900000000000010090000000000000000000000000000000000000   000000000000000000000000006        170192477882     
0010001300074U 060000000000000000000000000000000000000000000000000000000000000000000000985490000000000985490000000000000000000000000000002012202321122023            000000000000000                              000                           
0010001300075T 0601897X0000000092096 24778822230006638   700000000000663822122023000000000028838104011030000006638                0900000000000010100000000000000000000000000000000000000   000000000000000000000000004        170192477882     
0010001300076U 060000000000000000000000000000000000000000000000000000000000000000000000288380000000000288380000000000000000000000000000002012202321122023            000000000000000                              000                           
0010001300077T 0601897X0000000092096 24778822230006674   700000000000667422122023000000000043915237013400000006674                0900000000000010100000000000000000000000000000000000000   000000000000000000000000004        170192477882     
0010001300078U 060000000000000000000000000000000000000000000000000000000000000000000000439150000000000439150000000000000000000000000000002012202321122023            000000000000000                              000                           
0010001300079T 0601897X0000000092096 24778822230006758   700000000000675822122023000000000020201237004760000006758                0900000000000010100000000000000000000000000000000000000   000000000000000000000000004        170192477882     
0010001300080U 060000000000000000000000000000000000000000000000000000000000000000000000202010000000000202010000000000000000000000000000002012202321122023            000000000000000                              000                           
0010001300081T 0601897X0000000092096 24778822230006926   700000000000692622122023000000000024397237003140000006926                0900000000000010100000000000000000000000000000000000000   000000000000000000000000004        170192477882     
0010001300082U 060000000000000000000000000000000000000000000000000000000000000000000000243970000000000243970000000000000000000000000000002012202321122023            000000000000000                              000                           
0010001300083T 0601897X0000000092096 24778822230006980   700000000000698022122023000000000036596237002140000006980                0900000000000010100000000000000000000000000000000000000   000000000000000000000000004        170192477882     
0010001300084U 060000000000000000000000000000000000000000000000000000000000000000000000365960000000000365960000000000000000000000000000002012202321122023            000000000000000                              000                           
0010001300085T 0601897X0000000092096 24778822230007028   700000000000702822122023000000000039036422000410000007028                0900000000000010100000000000000000000000000000000000000   000000000000000000000000004        170192477882     
0010001300086U 060000000000000000000000000000000000000000000000000000000000000000000000390360000000000390360000000000000000000000000000002012202321122023            000000000000000                              000                           
0010001300087T 0601897X0000000092096 24778829000007586   7000007586      22122023000000000171202104042050000007586                0900000000000010100000000000000000000000000000000000000   000000000000000000000000004        170192477882     
0010001300088U 060000000000000000000000000000000000000000000000000000000000000000000001712020000000001712020000000000000000000000000000002012202321122023            000000000000000                              000                           
0010001300089T 0601897X0000000092096 24778829000007887   7000007887      22122023000000000028170341000280000007887                0900000000000010100000000000000000000000000000000000000   000000000000000000000000004        170192477882     
0010001300090U 060000000000000000000000000000000000000000000000000000000000000000000000281700000000000281700000000000000000000000000000002012202321122023            000000000000000                              000                           
0010001300091T 0601897X0000000092096 24778829000007899   7000007899      22122023000000000027095033001830000007899                0900000000000010100000000000000000000000000000000000000   000000000000000000000000004        170192477882     
0010001300092U 060000000000000000000000000000000000000000000000000000000000000000000000270950000000000270950000000000000000000000000000002012202321122023            000000000000000                              000                           
0010001300093T 0601897X0000000092096 24778829000007921   7000007921      22122023000000000191290655000010000007921                0900000000000010100000000000000000000000000000000000000   000000000000000000000000004        170192477882     
0010001300094U 060000000000000000000000000000000000000000000000000000000000000000000001912900000000001912900000000000000000000000000000002012202321122023            000000000000000                              000                           
0010001300095T 0601897X0000000092096 24778829000007932   7000007932      22122023000000000024605033001830000007932                0900000000000010100000000000000000000000000000000000000   000000000000000000000000004        170192477882     
0010001300096U 060000000000000000000000000000000000000000000000000000000000000000000000246050000000000246050000000000000000000000000000002012202321122023            000000000000000                              000                           
0010001300097T 0601897X0000000092096 24778829000007942   7000007942      22122023000000000028574341025180000007942                0900000000000010100000000000000000000000000000000000000   000000000000000000000000004        170192477882     
0010001300098U 060000000000000000000000000000000000000000000000000000000000000000000000285740000000000285740000000000000000000000000000002012202321122023            000000000000000                              000                           
0010001300099T 0601897X0000000092096 24778829000007944   7000007944      22122023000000000030093033001830000007944                0900000000000010100000000000000000000000000000000000000   000000000000000000000000004        170192477882     
0010001300100U 060000000000000000000000000000000000000000000000000000000000000000000000300930000000000300930000000000000000000000000000002012202321122023            000000000000000                              000                           
0010001300101T 0601897X0000000092096 24778829000007945   7000007945      22122023000000000041798033001830000007945                0900000000000010100000000000000000000000000000000000000   000000000000000000000000004        170192477882     
0010001300102U 060000000000000000000000000000000000000000000000000000000000000000000000417980000000000417980000000000000000000000000000002012202321122023            000000000000000                              000                           
0010001300103T 0601897X0000000092096 24778829000007970   7000007970      22122023000000000013932033037060000007970                0900000000000010100000000000000000000000000000000000000   000000000000000000000000004        170192477882     
0010001300104U 060000000000000000000000000000000000000000000000000000000000000000000000139320000000000139320000000000000000000000000000002012202321122023            000000000000000                              000                           
00100015         000106000748000000004809283110000000000000000000000000000000000000000000000000000000000000000000000000000000000000000000000000000                                                                                              
00199999         000001000108000000                                                                                                                                                            00000000000000000000000000000                    
