00100000         2115139610001160024778820014       01897X0000000092096 FUNDACAO AGENCIA DAS BACIAS HIBANCO DO BRASIL                         20812202301231700544103000000829973081PROCESSAMEN                                                 
00100011T0100020 20115139610001160024778820014       01897X0000000092096 FUNDACAO AGENCIA DAS BACIAS HI                                                                                000000000812202300000000  000000000                      
0010001300001T 0601897X0000000092096 24778822230002864   700000000000286422122023000000000032952341009100000002864                0900000000000010100000000000000000000000000000000000000   000000000000000000000000004        170192477882     
0010001300002U 060000000000000000000000000000000000000000000000000000000000000000000000329520000000000329520000000000000000000000000000000812202311122023            000000000000000                              000                           
0010001300003T 0601897X0000000092096 24778822230003188   700000000000318822122023000000000020113341002770000003188                0900000000000010100000000000000000000000000000000000000   000000000000000000000000004        170192477882     
0010001300004U 060000000000000000000000000000000000000000000000000000000000000000000000201130000000000201130000000000000000000000000000000812202311122023            000000000000000                              000                           
0010001300005T 0601897X0000000092096 24778822230003710   700000000000371022122023000000000494971001006998000003710                0900000000000010040000000000000000000000000000000000000   000000000000000000000000034        170192477882     
0010001300006U 060000000000000000000000000000000000000000000000000000000000000000000004949710000000004949710000000000000000000000000000000812202311122023            000000000000000                              000                           
0010001300007T 0601897X0000000092096 24778822230006038   700000000000603822122023000000000033761341088490000006038                0900000000000010100000000000000000000000000000000000000   000000000000000000000000004        170192477882     
0010001300008U 060000000000000000000000000000000000000000000000000000000000000000000000337610000000000337610000000000000000000000000000000812202311122023            000000000000000                              000                           
00100015         000010000869000000005014778190000000000000000000000000000000000000000000000000000000000000000000000000000000000000000000000000000                                                                                              
00199999         000001000012000000                                                                                                                                                            00000000000000000000000000000                    
