00100000         2115139610001160024778820014       01897X0000000092096 FUNDACAO AGENCIA DAS BACIAS HIBANCO DO BRASIL                         22411202301212800542103000000829973081PROCESSAMEN                                                 
00100011T0100020 20115139610001160024778820014       01897X0000000092096 FUNDACAO AGENCIA DAS BACIAS HI                                                                                000000002411202300000000  000000000                      
0010001300001T 0201897X0000000092096 24778829000007861   7000007861      22122023000000000135191001000566000007861                0900000000000010500000000000000000000000000000000000000   0000000000000000000000480A9A4      170192477882     
0010001300002U 020000000000000000000000000000000000000000000000000000000000000000000000000000000000000000000000000000000000000000000000002411202300000000            000000000000000                              000                           
0010001300003T 0201897X0000000092096 24778829000007862   7000007862      30112023000000000047630001001678000007862                0900000000000010000000000000000000000000000000000000000   0000000000000000000000480A9        170192477882     
0010001300004U 020000000000000000000000000000000000000000000000000000000000000000000000000000000000000000000000000000000000000000000000002411202300000000            000000000000000                              000                           
0010001300005T 0201897X0000000092096 24778829000007863   7000007863      29122023000000000047630001001678000007863                0900000000000010000000000000000000000000000000000000000   0000000000000000000000480A9        170192477882     
0010001300006U 020000000000000000000000000000000000000000000000000000000000000000000000000000000000000000000000000000000000000000000000002411202300000000            000000000000000                              000                           
0010001300007T 0201897X0000000092096 24778829000007864   7000007864      30112023000000000085726001003018000007864                0900000000000010500000000000000000000000000000000000000   0000000000000000000000480A9A4      170192477882     
0010001300008U 020000000000000000000000000000000000000000000000000000000000000000000000000000000000000000000000000000000000000000000000002411202300000000            000000000000000                              000                           
0010001300009T 0201897X0000000092096 24778829000007865   7000007865      30112023000000000097197001004154000007865                0900000000000010000000000000000000000000000000000000000   0000000000000000000000480A9        170192477882     
0010001300010U 020000000000000000000000000000000000000000000000000000000000000000000000000000000000000000000000000000000000000000000000002411202300000000            000000000000000                              000                           
0010001300011T 0201897X0000000092096 24778829000007866   7000007866      30112023000000000037219001009903000007866                0900000000000010500000000000000000000000000000000000000   0000000000000000000000480A9A4      170192477882     
0010001300012U 020000000000000000000000000000000000000000000000000000000000000000000000000000000000000000000000000000000000000000000000002411202300000000            000000000000000                              000                           
0010001300013T 0601897X0000000092096 24778822230002457   700000000000245730112023000000000020287237020020000002457                0900000000000010100000000000000000000000000000000000000   000000000000000000000000004        170192477882     
0010001300014U 060000000000000000000000000000000000000000000000000000000000000000000000202870000000000202870000000000000000000000000000002411202327112023            000000000000000                              000                           
0010001300015T 0601897X0000000092096 24778822230002732   700000000000273230112023000000000022543033036440000002732                0900000000000010100000000000000000000000000000000000000   000000000000000000000000004        170192477882     
0010001300016U 060000000000000000000000000000000000000000000000000000000000000000000000225430000000000225430000000000000000000000000000002411202327112023            000000000000000                              000                           
0010001300017T 0601897X0000000092096 24778822230003379   700000000000337930112023000000000137395341009120000003379                0900000000000010100000000000000000000000000000000000000   000000000000000000000000004        170192477882     
0010001300018U 060000000000000000000000000000000000000000000000000000000000000000000001373950000000001373950000000000000000000000000000002411202327112023            000000000000000                              000                           
0010001300019T 0601897X0000000092096 24778822230003895   700000000000389530112023000000001234498033002850000003895                0900000000000010100000000000000000000000000000000000000   000000000000000000000000004        170192477882     
0010001300020U 060000000000000000000000000000000000000000000000000000000000000000000012344980000000012344980000000000000000000000000000002411202327112023            000000000000000                              000                           
0010001300021T 0601897X0000000092096 24778822230004351   700000000000435130112023000000000052554341029290000004351                0900000000000010100000000000000000000000000000000000000   000000000000000000000000004        170192477882     
0010001300022U 060000000000000000000000000000000000000000000000000000000000000000000000525540000000000525540000000000000000000000000000002411202327112023            000000000000000                              000                           
0010001300023T 0601897X0000000092096 24778822230004975   700000000000497530112023000000000074884237020020000004975                0900000000000010100000000000000000000000000000000000000   000000000000000000000000004        170192477882     
0010001300024U 060000000000000000000000000000000000000000000000000000000000000000000000748840000000000748840000000000000000000000000000002411202327112023            000000000000000                              000                           
0010001300025T 0601897X0000000092096 24778822230004981   700000000000498130112023000000000025828237020020000004981                0900000000000010100000000000000000000000000000000000000   000000000000000000000000004        170192477882     
0010001300026U 060000000000000000000000000000000000000000000000000000000000000000000000258280000000000258280000000000000000000000000000002411202327112023            000000000000000                              000                           
0010001300027T 0601897X0000000092096 24778822230005611   700000000000561130112023000000000031717033002850000005611                0900000000000010100000000000000000000000000000000000000   000000000000000000000000004        170192477882     
0010001300028U 060000000000000000000000000000000000000000000000000000000000000000000000317170000000000317170000000000000000000000000000002411202327112023            000000000000000                              000                           
0010001300029T 0601897X0000000092096 24778822230005779   700000000000577930112023000000000068519033001780000005779                0900000000000010100000000000000000000000000000000000000   000000000000000000000000004        170192477882     
0010001300030U 060000000000000000000000000000000000000000000000000000000000000000000000685190000000000685190000000000000000000000000000002411202327112023            000000000000000                              000                           
0010001300031T 0601897X0000000092096 24778822230005899   700000000000589930112023000000000024373341000410000005899                0900000000000010100000000000000000000000000000000000000   000000000000000000000000004        170192477882     
0010001300032U 060000000000000000000000000000000000000000000000000000000000000000000000243730000000000243730000000000000000000000000000002411202327112023            000000000000000                              000                           
0010001300033T 0601897X0000000092096 24778822230005917   700000000000591730112023000000000024568104029090000005917                0900000000000010100000000000000000000000000000000000000   000000000000000000000000004        170192477882     
0010001300034U 060000000000000000000000000000000000000000000000000000000000000000000000245680000000000245680000000000000000000000000000002411202327112023            000000000000000                              000                           
0010001300035T 0601897X0000000092096 24778822230005935   700000000000593530112023000000000087942341001360000005935                0900000000000010100000000000000000000000000000000000000   000000000000000000000000004        170192477882     
0010001300036U 060000000000000000000000000000000000000000000000000000000000000000000000879420000000000879420000000000000000000000000000002411202327112023            000000000000000                              000                           
0010001300037T 0601897X0000000092096 24778822230006031   700000000000603130112023000000000035230237003160000006031                0900000000000010100000000000000000000000000000000000000   000000000000000000000000004        170192477882     
0010001300038U 060000000000000000000000000000000000000000000000000000000000000000000000352300000000000352300000000000000000000000000000002411202327112023            000000000000000                              000                           
0010001300039T 0601897X0000000092096 24778822230006535   700000000000653530112023000000000026971033036440000006535                0900000000000010100000000000000000000000000000000000000   000000000000000000000000004        170192477882     
0010001300040U 060000000000000000000000000000000000000000000000000000000000000000000000269710000000000269710000000000000000000000000000002411202327112023            000000000000000                              000                           
0010001300041T 0601897X0000000092096 24778822230006559   700000000000655930112023000000000024330341004450000006559                0900000000000010100000000000000000000000000000000000000   000000000000000000000000004        170192477882     
0010001300042U 060000000000000000000000000000000000000000000000000000000000000000000000243300000000000243300000000000000000000000000000002411202327112023            000000000000000                              000                           
0010001300043T 0601897X0000000092096 24778822230006643   700000000000664330112023000000000030741033000900000006643                0900000000000010100000000000000000000000000000000000000   000000000000000000000000004        170192477882     
0010001300044U 060000000000000000000000000000000000000000000000000000000000000000000000307410000000000307410000000000000000000000000000002411202327112023            000000000000000                              000                           
0010001300045T 0601897X0000000092096 24778822230006835   700000000000683530112023000000000023881237025610000006835                0900000000000010100000000000000000000000000000000000000   000000000000000000000000004        170192477882     
0010001300046U 060000000000000000000000000000000000000000000000000000000000000000000000238810000000000238810000000000000000000000000000002411202327112023            000000000000000                              000                           
0010001300047T 0601897X0000000092096 24778822230006859   700000000000685930112023000000000024397509000010000006859                0900000000000010100000000000000000000000000000000000000   000000000000000000000000004        170192477882     
0010001300048U 060000000000000000000000000000000000000000000000000000000000000000000000243970000000000243970000000000000000000000000000002411202327112023            000000000000000                              000                           
0010001300049T 0601897X0000000092096 24778822230006901   700000000000690130112023000000000048647341032180000006901                0900000000000010100000000000000000000000000000000000000   000000000000000000000000004        170192477882     
0010001300050U 060000000000000000000000000000000000000000000000000000000000000000000000486470000000000486470000000000000000000000000000002411202327112023            000000000000000                              000                           
0010001300051T 0601897X0000000092096 24778829000007778   7000007778      30112023000000000055779341029290000007778                0900000000000010100000000000000000000000000000000000000   000000000000000000000000004        170192477882     
0010001300052U 060000000000000000000000000000000000000000000000000000000000000000000000557790000000000557790000000000000000000000000000002411202327112023            000000000000000                              000                           
0010001300053T 0601897X0000000092096 24778829000007829   7000007829      30112023000000000026878341006700000007829                0900000000000010100000000000000000000000000000000000000   000000000000000000000000004        170192477882     
0010001300054U 060000000000000000000000000000000000000000000000000000000000000000000000268780000000000268780000000000000000000000000000002411202327112023            000000000000000                              000                           
0010001300055T 0601897X0000000092096 24778829000007844   7000007844      30112023000000000042439237004530000007844                0900000000000010100000000000000000000000000000000000000   000000000000000000000000004        170192477882     
0010001300056U 060000000000000000000000000000000000000000000000000000000000000000000000424390000000000424390000000000000000000000000000002411202327112023            000000000000000                              000                           
0010001300057T 0601897X0000000092096 24778829000007856   7000007856      30112023000000000032675341000040000007856                0900000000000010100000000000000000000000000000000000000   000000000000000000000000004        170192477882     
0010001300058U 060000000000000000000000000000000000000000000000000000000000000000000000326750000000000326750000000000000000000000000000002411202327112023            000000000000000                              000                           
0010001300059T 0901897X0000000092096 24778822230002207   700000000000220731102023000000000022560001001724000002207                0900000000000000000000000000000000000000000000000000000   000000000000000000000036010        170192477882     
0010001300060U 090000000000000000000000000000000000000000000000000000000000000000000000000000000000000000000000000000000000000000000000002411202300000000            000000000000000                              000                           
0010001300061T 0901897X0000000092096 24778822230003800   700000000000380022122023000000000155600001000566000003800                0900000000000000000000000000000000000000000000000000000   000000000000000000000036010        170192477882     
0010001300062U 090000000000000000000000000000000000000000000000000000000000000000000000000000000000000000000000000000000000000000000000002411202300000000            000000000000000                              000                           
00100015         000064001661000000006410582430000000000000000000000000000000000000000000000000000000000000000000000000000000000000000000000000000                                                                                              
00199999         000001000066000000                                                                                                                                                            00000000000000000000000000000                    
