00100000         2115139610001160024778820014       01897X0000000092096 FUNDACAO AGENCIA DAS BACIAS HIBANCO DO BRASIL                         22711202302291400542303000000829973081PROCESSAMEN                                                 
00100011T0100020 20115139610001160024778820014       01897X0000000092096 FUNDACAO AGENCIA DAS BACIAS HI                                                                                000000002711202300000000  000000000                      
0010001300001T 0201897X0000000092096 24778829000007867   7000007867      30112023000000000033697001003190000007867                0900000000000010500000000000000000000000000000000000000   0000000000000000000000480A9A4      170192477882     
0010001300002U 020000000000000000000000000000000000000000000000000000000000000000000000000000000000000000000000000000000000000000000000002711202300000000            000000000000000                              000                           
0010001300003T 0201897X0000000092096 24778829000007868   7000007868      29122023000000000031385001009946000007868                0900000000000010500000000000000000000000000000000000000   0000000000000000000000480A9A4      170192477882     
0010001300004U 020000000000000000000000000000000000000000000000000000000000000000000000000000000000000000000000000000000000000000000000002711202300000000            000000000000000                              000                           
0010001300005T 0201897X0000000092096 24778829000007869   7000007869      2912202300000000003347000101849X000007869                0900000000000010000000000000000000000000000000000000000   0000000000000000000000480A9        170192477882     
0010001300006U 020000000000000000000000000000000000000000000000000000000000000000000000000000000000000000000000000000000000000000000000002711202300000000            000000000000000                              000                           
0010001300007T 0601897X0000000092096 24778822230002702   700000000000270230112023000000000021883341015630000002702                0900000000000010100000000000000000000000000000000000000   000000000000000000000000004        170192477882     
0010001300008U 060000000000000000000000000000000000000000000000000000000000000000000000218830000000000218830000000000000000000000000000002711202328112023            000000000000000                              000                           
0010001300009T 0601897X0000000092096 24778822230002905   70000000000029053011202300000000008027000103360X000002905                0900000000000010040000000000000000000000000000000000000   000000000000000000000000034        170192477882     
0010001300010U 060000000000000000000000000000000000000000000000000000000000000000000000802700000000000802700000000000000000000000000000002711202328112023            000000000000000                              000                           
0010001300011T 0601897X0000000092096 24778822230003271   700000000000327130112023000000000162573748077440000003271                0900000000000010100000000000000000000000000000000000000   000000000000000000000000004        170192477882     
0010001300012U 060000000000000000000000000000000000000000000000000000000000000000000001625730000000001625730000000000000000000000000000002711202328112023            000000000000000                              000                           
0010001300013T 0601897X0000000092096 24778822230003523   700000000000352330112023000000000043909033009120000003523                0900000000000010100000000000000000000000000000000000000   000000000000000000000000004        170192477882     
0010001300014U 060000000000000000000000000000000000000000000000000000000000000000000000439090000000000439090000000000000000000000000000002711202328112023            000000000000000                              000                           
0010001300015T 0601897X0000000092096 24778822230004171   700000000000417130112023000000000025032341006580000004171                0900000000000010100000000000000000000000000000000000000   000000000000000000000000004        170192477882     
0010001300016U 060000000000000000000000000000000000000000000000000000000000000000000000250320000000000250320000000000000000000000000000002711202328112023            000000000000000                              000                           
0010001300017T 0601897X0000000092096 24778822230004483   700000000000448330112023000000000050374341007960000004483                0900000000000010100000000000000000000000000000000000000   000000000000000000000000004        170192477882     
0010001300018U 060000000000000000000000000000000000000000000000000000000000000000000000503740000000000503740000000000000000000000000000002711202328112023            000000000000000                              000                           
0010001300019T 0601897X0000000092096 24778822230004687   700000000000468730112023000000000034839237025340000004687                0900000000000010100000000000000000000000000000000000000   000000000000000000000000004        170192477882     
0010001300020U 060000000000000000000000000000000000000000000000000000000000000000000000348390000000000348390000000000000000000000000000002711202328112023            000000000000000                              000                           
0010001300021T 0601897X0000000092096 24778822230004771   700000000000477130112023000000000040012341018740000004771                0900000000000010100000000000000000000000000000000000000   000000000000000000000000004        170192477882     
0010001300022U 060000000000000000000000000000000000000000000000000000000000000000000000400120000000000400120000000000000000000000000000002711202328112023            000000000000000                              000                           
0010001300023T 0601897X0000000092096 24778822230004861   700000000000486130112023000000000121986237019890000004861                0900000000000010100000000000000000000000000000000000000   000000000000000000000000004        170192477882     
0010001300024U 060000000000000000000000000000000000000000000000000000000000000000000001219860000000001219860000000000000000000000000000002711202328112023            000000000000000                              000                           
0010001300025T 0601897X0000000092096 24778822230005443   700000000000544330112023000000000048305237003220000005443                0900000000000010100000000000000000000000000000000000000   000000000000000000000000004        170192477882     
0010001300026U 060000000000000000000000000000000000000000000000000000000000000000000000483050000000000483050000000000000000000000000000002711202328112023            000000000000000                              000                           
0010001300027T 0601897X0000000092096 24778822230005557   700000000000555730112023000000000095149033004970000005557                0900000000000010100000000000000000000000000000000000000   000000000000000000000000004        170192477882     
0010001300028U 060000000000000000000000000000000000000000000000000000000000000000000000951490000000000951490000000000000000000000000000002711202328112023            000000000000000                              000                           
0010001300029T 0601897X0000000092096 24778822230005707   700000000000570730112023000000000058380033000130000005707                0900000000000010100000000000000000000000000000000000000   000000000000000000000000004        170192477882     
0010001300030U 060000000000000000000000000000000000000000000000000000000000000000000000583800000000000583800000000000000000000000000000002711202328112023            000000000000000                              000                           
0010001300031T 0601897X0000000092096 24778822230005713   700000000000571330112023000000000038479237029350000005713                0900000000000010100000000000000000000000000000000000000   000000000000000000000000004        170192477882     
0010001300032U 060000000000000000000000000000000000000000000000000000000000000000000000384790000000000384790000000000000000000000000000002711202328112023            000000000000000                              000                           
0010001300033T 0601897X0000000092096 24778822230005755   700000000000575530112023000000000488747237019890000005755                0900000000000010100000000000000000000000000000000000000   000000000000000000000000004        170192477882     
0010001300034U 060000000000000000000000000000000000000000000000000000000000000000000004887470000000004887470000000000000000000000000000002711202328112023            000000000000000                              000                           
0010001300035T 0601897X0000000092096 24778822230005845   700000000000584530112023000000000023714001024538000005845                0900000000000010040000000000000000000000000000000000000   000000000000000000000000034        170192477882     
0010001300036U 060000000000000000000000000000000000000000000000000000000000000000000000237140000000000237140000000000000000000000000000002711202328112023            000000000000000                              000                           
0010001300037T 0601897X0000000092096 24778822230005881   700000000000588130112023000000000025399341000110000005881                0900000000000010100000000000000000000000000000000000000   000000000000000000000000004        170192477882     
0010001300038U 060000000000000000000000000000000000000000000000000000000000000000000000253990000000000253990000000000000000000000000000002711202328112023            000000000000000                              000                           
0010001300039T 0601897X0000000092096 24778822230006079   700000000000607930112023000000000077201341000330000006079                0900000000000010100000000000000000000000000000000000000   000000000000000000000000004        170192477882     
0010001300040U 060000000000000000000000000000000000000000000000000000000000000000000000772010000000000772010000000000000000000000000000002711202328112023            000000000000000                              000                           
0010001300041T 0601897X0000000092096 24778822230006097   700000000000609730112023000000000020219033003030000006097                0900000000000010100000000000000000000000000000000000000   000000000000000000000000004        170192477882     
0010001300042U 060000000000000000000000000000000000000000000000000000000000000000000000202190000000000202190000000000000000000000000000002711202328112023            000000000000000                              000                           
0010001300043T 0601897X0000000092096 24778822230006373   700000000000637330112023000000000054894033030640000006373                0900000000000010100000000000000000000000000000000000000   000000000000000000000000004        170192477882     
0010001300044U 060000000000000000000000000000000000000000000000000000000000000000000000548940000000000548940000000000000000000000000000002711202328112023            000000000000000                              000                           
0010001300045T 0601897X0000000092096 24778822230006379   700000000000637930112023000000000075631033012320000006379                0900000000000010100000000000000000000000000000000000000   000000000000000000000000004        170192477882     
0010001300046U 060000000000000000000000000000000000000000000000000000000000000000000000756310000000000756310000000000000000000000000000002711202328112023            000000000000000                              000                           
0010001300047T 0601897X0000000092096 24778822230006421   700000000000642130112023000000000041719341007960000006421                0900000000000010100000000000000000000000000000000000000   000000000000000000000000004        170192477882     
0010001300048U 060000000000000000000000000000000000000000000000000000000000000000000000417190000000000417190000000000000000000000000000002711202328112023            000000000000000                              000                           
0010001300049T 0601897X0000000092096 24778822230006529   700000000000652930112023000000001650304001030708000006529                0900000000000010090000000000000000000000000000000000000   000000000000000000000000006        170192477882     
0010001300050U 060000000000000000000000000000000000000000000000000000000000000000000016503040000000016503040000000000000000000000000000002711202328112023            000000000000000                              000                           
0010001300051T 0601897X0000000092096 24778822230006715   700000000000671530112023000000000042598748052120000006715                0900000000000010100000000000000000000000000000000000000   000000000000000000000000004        170192477882     
0010001300052U 060000000000000000000000000000000000000000000000000000000000000000000000425980000000000425980000000000000000000000000000002711202328112023            000000000000000                              000                           
0010001300053T 0601897X0000000092096 24778822230006727   700000000000672730112023000000000039036341083970000006727                0900000000000010100000000000000000000000000000000000000   000000000000000000000000004        170192477882     
0010001300054U 060000000000000000000000000000000000000000000000000000000000000000000000390360000000000390360000000000000000000000000000002711202328112023            000000000000000                              000                           
0010001300055T 0601897X0000000092096 24778822230006925   700000000000692530112023000000000024397237003140000006925                0900000000000010100000000000000000000000000000000000000   000000000000000000000000004        170192477882     
0010001300056U 060000000000000000000000000000000000000000000000000000000000000000000000243970000000000243970000000000000000000000000000002711202328112023            000000000000000                              000                           
0010001300057T 0601897X0000000092096 24778822230007123   700000000000712330112023000000000025764341026460000007123                0900000000000010100000000000000000000000000000000000000   000000000000000000000000004        170192477882     
0010001300058U 060000000000000000000000000000000000000000000000000000000000000000000000257640000000000257640000000000000000000000000000002711202328112023            000000000000000                              000                           
0010001300059T 0601897X0000000092096 24778829000007605   7000007605      30112023000000000094113341032180000007605                0900000000000010100000000000000000000000000000000000000   000000000000000000000000004        170192477882     
0010001300060U 060000000000000000000000000000000000000000000000000000000000000000000000941130000000000941130000000000000000000000000000002711202328112023            000000000000000                              000                           
0010001300061T 0601897X0000000092096 24778829000007615   7000007615      30112023000000000256514341064580000007615                0900000000000010100000000000000000000000000000000000000   000000000000000000000000004        170192477882     
0010001300062U 060000000000000000000000000000000000000000000000000000000000000000000002565140000000002565140000000000000000000000000000002711202328112023            000000000000000                              000                           
0010001300063T 0601897X0000000092096 24778829000007751   7000007751      30112023000000000021950033021570000007751                0900000000000010100000000000000000000000000000000000000   000000000000000000000000004        170192477882     
0010001300064U 060000000000000000000000000000000000000000000000000000000000000000000000219500000000000219500000000000000000000000000000002711202328112023            000000000000000                              000                           
0010001300065T 0601897X0000000092096 24778829000007759   7000007759      30112023000000000073660341002770000007759                0900000000000010100000000000000000000000000000000000000   000000000000000000000000004        170192477882     
0010001300066U 060000000000000000000000000000000000000000000000000000000000000000000000736600000000000736600000000000000000000000000000002711202328112023            000000000000000                              000                           
0010001300067T 0601897X0000000092096 24778829000007812   7000007812      30112023000000000095522341000280000007812                0900000000000010100000000000000000000000000000000000000   000000000000000000000000004        170192477882     
0010001300068U 060000000000000000000000000000000000000000000000000000000000000000000000955220000000000955220000000000000000000000000000002711202328112023            000000000000000                              000                           
0010001300069T 0601897X0000000092096 24778829000007826   7000007826      30112023000000000066361341015650000007826                0900000000000010100000000000000000000000000000000000000   000000000000000000000000004        170192477882     
0010001300070U 060000000000000000000000000000000000000000000000000000000000000000000000663610000000000663610000000000000000000000000000002711202328112023            000000000000000                              000                           
0010001300071T 0601897X0000000092096 24778829000007854   7000007854      30112023000000000039843341029760000007854                0900000000000010100000000000000000000000000000000000000   000000000000000000000000004        170192477882     
0010001300072U 060000000000000000000000000000000000000000000000000000000000000000000000398430000000000398430000000000000000000000000000002711202328112023            000000000000000                              000                           
0010001300073T 0601897X0000000092096 24778829000007858   7000007858      30112023000000000034034237033710000007858                0900000000000010100000000000000000000000000000000000000   000000000000000000000000004        170192477882     
0010001300074U 060000000000000000000000000000000000000000000000000000000000000000000000340340000000000340340000000000000000000000000000002711202328112023            000000000000000                              000                           
0010001300075T 1401897X0000000092096 24778829000007863   7000007863      22122023000000000047630001001678000007863                0900000000000000000000000000000000000000000000000000000   000000000000000000000000000        170192477882     
0010001300076U 140000000000000000000000000000000000000000000000000000000000000000000000000000000000000000000000000000000000000000000000002711202300000000            000000000000000                              000                           
00100015         000078001630000000006370639840000000000000000000000000000000000000000000000000000000000000000000000000000000000000000000000000000                                                                                              
00199999         000001000080000000                                                                                                                                                            00000000000000000000000000000                    
