00100000         2115139610001160024778820014       01897X0000000092096 FUNDACAO AGENCIA DAS BACIAS HIBANCO DO BRASIL                         21912202301363900545503000000829973081PROCESSAMEN                                                 
00100011T0100020 20115139610001160024778820014       01897X0000000092096 FUNDACAO AGENCIA DAS BACIAS HI                                                                                000000001912202300000000  000000000                      
0010001300001T 0201897X0000000092096 24778829000007981   7000007981      29122023000000000019415001003190000007981                0900000000000010000000000000000000000000000000000000000   0000000000000000000000480A9        170192477882     
0010001300002U 020000000000000000000000000000000000000000000000000000000000000000000000000000000000000000000000000000000000000000000000001912202300000000            000000000000000                              000                           
0010001300003T 0201897X0000000092096 24778829000007982   7000007982      29122023000000000020121001004154000007982                0900000000000010000000000000000000000000000000000000000   0000000000000000000000480A9        170192477882     
0010001300004U 020000000000000000000000000000000000000000000000000000000000000000000000000000000000000000000000000000000000000000000000001912202300000000            000000000000000                              000                           
0010001300005T 0601897X0000000092096 24778822230003014   700000000000301422122023000000000050014033038850000003014                0900000000000010100000000000000000000000000000000000000   000000000000000000000000004        170192477882     
0010001300006U 060000000000000000000000000000000000000000000000000000000000000000000000500140000000000500140000000000000000000000000000001912202320122023            000000000000000                              000                           
0010001300007T 0601897X0000000092096 24778822230003374   700000000000337422122023000000000099724033037290000003374                0900000000000010100000000000000000000000000000000000000   000000000000000000000000004        170192477882     
0010001300008U 060000000000000000000000000000000000000000000000000000000000000000000000997240000000000997240000000000000000000000000000001912202320122023            000000000000000                              000                           
0010001300009T 0601897X0000000092096 24778822230003416   700000000000341622122023000000000022797341000550000003416                0900000000000010100000000000000000000000000000000000000   000000000000000000000000004        170192477882     
0010001300010U 060000000000000000000000000000000000000000000000000000000000000000000000227970000000000227970000000000000000000000000000001912202320122023            000000000000000                              000                           
0010001300011T 0601897X0000000092096 24778822230003506   700000000000350622122023000000000033792104002780000003506                0900000000000010100000000000000000000000000000000000000   000000000000000000000000004        170192477882     
0010001300012U 060000000000000000000000000000000000000000000000000000000000000000000000337920000000000337920000000000000000000000000000001912202320122023            000000000000000                              000                           
0010001300013T 0601897X0000000092096 24778822230003560   700000000000356022122023000000000024397341002620000003560                0900000000000010100000000000000000000000000000000000000   000000000000000000000000004        170192477882     
0010001300014U 060000000000000000000000000000000000000000000000000000000000000000000000243970000000000243970000000000000000000000000000001912202320122023            000000000000000                              000                           
0010001300015T 0601897X0000000092096 24778822230003962   700000000000396222122023000000000108723341009100000003962                0900000000000010100000000000000000000000000000000000000   000000000000000000000000004        170192477882     
0010001300016U 060000000000000000000000000000000000000000000000000000000000000000000001087230000000001087230000000000000000000000000000001912202320122023            000000000000000                              000                           
0010001300017T 0601897X0000000092096 24778822230004172   700000000000417222122023000000000025032341006580000004172                0900000000000010100000000000000000000000000000000000000   000000000000000000000000004        170192477882     
0010001300018U 060000000000000000000000000000000000000000000000000000000000000000000000250320000000000250320000000000000000000000000000001912202320122023            000000000000000                              000                           
0010001300019T 0601897X0000000092096 24778822230004478   700000000000447822122023000000000021433237013200000004478                0900000000000010100000000000000000000000000000000000000   000000000000000000000000004        170192477882     
0010001300020U 060000000000000000000000000000000000000000000000000000000000000000000000214330000000000214330000000000000000000000000000001912202320122023            000000000000000                              000                           
0010001300021T 0601897X0000000092096 24778822230004736   700000000000473622122023000000000026349033002870000004736                0900000000000010100000000000000000000000000000000000000   000000000000000000000000004        170192477882     
0010001300022U 060000000000000000000000000000000000000000000000000000000000000000000000263490000000000263490000000000000000000000000000001912202320122023            000000000000000                              000                           
0010001300023T 0601897X0000000092096 24778822230004862   700000000000486222122023000000000121986237019890000004862                0900000000000010100000000000000000000000000000000000000   000000000000000000000000004        170192477882     
0010001300024U 060000000000000000000000000000000000000000000000000000000000000000000001219860000000001219860000000000000000000000000000001912202320122023            000000000000000                              000                           
0010001300025T 0601897X0000000092096 24778822230004952   700000000000495222122023000000000071240104003150000004952                0900000000000010100000000000000000000000000000000000000   000000000000000000000000004        170192477882     
0010001300026U 060000000000000000000000000000000000000000000000000000000000000000000000712400000000000712400000000000000000000000000000001912202320122023            000000000000000                              000                           
0010001300027T 0601897X0000000092096 24778822230005216   700000000000521622122023000000000052862341064580000005216                0900000000000010100000000000000000000000000000000000000   000000000000000000000000004        170192477882     
0010001300028U 060000000000000000000000000000000000000000000000000000000000000000000000528620000000000528620000000000000000000000000000001912202320122023            000000000000000                              000                           
0010001300029T 0601897X0000000092096 24778822230005252   700000000000525222122023000000000035376237004760000005252                0900000000000010100000000000000000000000000000000000000   000000000000000000000000004        170192477882     
0010001300030U 060000000000000000000000000000000000000000000000000000000000000000000000353760000000000353760000000000000000000000000000001912202320122023            000000000000000                              000                           
0010001300031T 0601897X0000000092096 24778822230005492   700000000000549222122023000000000031619104003630000005492                0900000000000010100000000000000000000000000000000000000   000000000000000000000000004        170192477882     
0010001300032U 060000000000000000000000000000000000000000000000000000000000000000000000316190000000000316190000000000000000000000000000001912202320122023            000000000000000                              000                           
0010001300033T 0601897X0000000092096 24778822230005558   700000000000555822122023000000000095149033004970000005558                0900000000000010100000000000000000000000000000000000000   000000000000000000000000004        170192477882     
0010001300034U 060000000000000000000000000000000000000000000000000000000000000000000000951490000000000951490000000000000000000000000000001912202320122023            000000000000000                              000                           
0010001300035T 0601897X0000000092096 24778822230005606   700000000000560622122023000000000021958748030320000005606                0900000000000010100000000000000000000000000000000000000   000000000000000000000000004        170192477882     
0010001300036U 060000000000000000000000000000000000000000000000000000000000000000000000219580000000000219580000000000000000000000000000001912202320122023            000000000000000                              000                           
0010001300037T 0601897X0000000092096 24778822230005714   700000000000571422122023000000000038479237029350000005714                0900000000000010100000000000000000000000000000000000000   000000000000000000000000004        170192477882     
0010001300038U 060000000000000000000000000000000000000000000000000000000000000000000000384790000000000384790000000000000000000000000000001912202320122023            000000000000000                              000                           
0010001300039T 0601897X0000000092096 24778822230005756   700000000000575622122023000000000488747237019890000005756                0900000000000010100000000000000000000000000000000000000   000000000000000000000000004        170192477882     
0010001300040U 060000000000000000000000000000000000000000000000000000000000000000000004887470000000004887470000000000000000000000000000001912202320122023            000000000000000                              000                           
0010001300041T 0601897X0000000092096 24778822230006068   700000000000606822122023000000000039035274000010000006068                0900000000000010100000000000000000000000000000000000000   000000000000000000000000004        170192477882     
0010001300042U 060000000000000000000000000000000000000000000000000000000000000000000000390350000000000390350000000000000000000000000000001912202320122023            000000000000000                              000                           
0010001300043T 0601897X0000000092096 24778822230006080   700000000000608022122023000000000077201341000330000006080                0900000000000010100000000000000000000000000000000000000   000000000000000000000000004        170192477882     
0010001300044U 060000000000000000000000000000000000000000000000000000000000000000000000772010000000000772010000000000000000000000000000001912202320122023            000000000000000                              000                           
0010001300045T 0601897X0000000092096 24778822230006128   700000000000612822122023000000000026349341005460000006128                0900000000000010100000000000000000000000000000000000000   000000000000000000000000004        170192477882     
0010001300046U 060000000000000000000000000000000000000000000000000000000000000000000000263490000000000263490000000000000000000000000000001912202320122023            000000000000000                              000                           
0010001300047T 0601897X0000000092096 24778822230006536   700000000000653622122023000000000026971033036440000006536                0900000000000010100000000000000000000000000000000000000   000000000000000000000000004        170192477882     
0010001300048U 060000000000000000000000000000000000000000000000000000000000000000000000269710000000000269710000000000000000000000000000001912202320122023            000000000000000                              000                           
0010001300049T 0601897X0000000092096 24778822230006824   700000000000682422122023000000000036596341002790000006824                0900000000000010100000000000000000000000000000000000000   000000000000000000000000004        170192477882     
0010001300050U 060000000000000000000000000000000000000000000000000000000000000000000000365960000000000365960000000000000000000000000000001912202320122023            000000000000000                              000                           
0010001300051T 0601897X0000000092096 24778822230006902   700000000000690222122023000000000048647341032180000006902                0900000000000010100000000000000000000000000000000000000   000000000000000000000000004        170192477882     
0010001300052U 060000000000000000000000000000000000000000000000000000000000000000000000486470000000000486470000000000000000000000000000001912202320122023            000000000000000                              000                           
0010001300053T 0601897X0000000092096 24778822230006920   700000000000692022122023000000000070752341002790000006920                0900000000000010100000000000000000000000000000000000000   000000000000000000000000004        170192477882     
0010001300054U 060000000000000000000000000000000000000000000000000000000000000000000000707520000000000707520000000000000000000000000000001912202320122023            000000000000000                              000                           
0010001300055T 0601897X0000000092096 24778822230007148   700000000000714822122023000000000020717341005250000007148                0900000000000010100000000000000000000000000000000000000   000000000000000000000000004        170192477882     
0010001300056U 060000000000000000000000000000000000000000000000000000000000000000000000207170000000000207170000000000000000000000000000001912202320122023            000000000000000                              000                           
0010001300057T 0601897X0000000092096 24778829000007606   7000007606      22122023000000000094113341032180000007606                0900000000000010100000000000000000000000000000000000000   000000000000000000000000004        170192477882     
0010001300058U 060000000000000000000000000000000000000000000000000000000000000000000000941130000000000941130000000000000000000000000000001912202320122023            000000000000000                              000                           
0010001300059T 0601897X0000000092096 24778829000007871   7000007871      22122023000000000031542341001500000007871                0900000000000010100000000000000000000000000000000000000   000000000000000000000000004        170192477882     
0010001300060U 060000000000000000000000000000000000000000000000000000000000000000000000315420000000000315420000000000000000000000000000001912202320122023            000000000000000                              000                           
0010001300061T 0601897X0000000092096 24778829000007953   7000007953      22122023000000000027112341081690000007953                0900000000000010100000000000000000000000000000000000000   000000000000000000000000004        170192477882     
0010001300062U 060000000000000000000000000000000000000000000000000000000000000000000000271120000000000271120000000000000000000000000000001912202320122023            000000000000000                              000                           
0010001300063T 0601897X0000000092096 24778829000007971   7000007971      22122023000000000019554237002150000007971                0900000000000010100000000000000000000000000000000000000   000000000000000000000000004        170192477882     
0010001300064U 060000000000000000000000000000000000000000000000000000000000000000000000195540000000000195540000000000000000000000000000001912202320122023            000000000000000                              000                           
0010001300065T 0601897X0000000092096 24778829000007977   7000007977      22122023000000000009867341070210000007977                0900000000000010100000000000000000000000000000000000000   000000000000000000000000004        170192477882     
0010001300066U 060000000000000000000000000000000000000000000000000000000000000000000000098670000000000098670000000000000000000000000000001912202320122023            000000000000000                              000                           
0010001300067T 1401897X0000000092096 24778829000007977   7000007977      22122023000000000009867001045888000007977                0900000000000000000000000000000000000000000000000000000   000000000000000000000000000        170192477882     
0010001300068U 140000000000000000000000000000000000000000000000000000000000000000000000000000000000000000000000000000000000000000000000001912202300000000            000000000000000                              000                           
0010001300069T 1401897X0000000092096 24778829000007979   7000007979      22122023000000000019444001004596000007979                0900000000000000000000000000000000000000000000000000000   000000000000000000000000000        170192477882     
0010001300070U 140000000000000000000000000000000000000000000000000000000000000000000000000000000000000000000000000000000000000000000000001912202300000000            000000000000000                              000                           
0010001300071T 1401897X0000000092096 24778829000007980   7000007980      22122023000000000028247001023248000007980                0900000000000000000000000000000000000000000000000000000   000000000000000000000000000        170192477882     
0010001300072U 140000000000000000000000000000000000000000000000000000000000000000000000000000000000000000000000000000000000000000000000001912202300000000            000000000000000                              000                           
00100015         000074000800000000005086903280000000000000000000000000000000000000000000000000000000000000000000000000000000000000000000000000000                                                                                              
00199999         000001000076000000                                                                                                                                                            00000000000000000000000000000                    
