00100000         2115139610001160024778820014       01897X0000000092096 FUNDACAO AGENCIA DAS BACIAS HIBANCO DO BRASIL                         22811202301361300542503000000829973081PROCESSAMEN                                                 
00100011T0100020 20115139610001160024778820014       01897X0000000092096 FUNDACAO AGENCIA DAS BACIAS HI                                                                                000000002811202300000000  000000000                      
0010001300001T 0201897X0000000092096 24778829000007870   7000007870      3011202300000000003629200101849X000007870                0900000000000010500000000000000000000000000000000000000   0000000000000000000000480A9A4      170192477882     
0010001300002U 020000000000000000000000000000000000000000000000000000000000000000000000000000000000000000000000000000000000000000000000002811202300000000            000000000000000                              000                           
0010001300003T 0201897X0000000092096 24778829000007871   7000007871      29122023000000000031542001003018000007871                0900000000000010500000000000000000000000000000000000000   0000000000000000000000480A9A4      170192477882     
0010001300004U 020000000000000000000000000000000000000000000000000000000000000000000000000000000000000000000000000000000000000000000000002811202300000000            000000000000000                              000                           
0010001300005T 0201897X0000000092096 24778829000007872   7000007872      30112023000000000045050001003018000007872                0900000000000010500000000000000000000000000000000000000   0000000000000000000000480A9A4      170192477882     
0010001300006U 020000000000000000000000000000000000000000000000000000000000000000000000000000000000000000000000000000000000000000000000002811202300000000            000000000000000                              000                           
0010001300007T 0201897X0000000092096 24778829000007873   7000007873      29122023000000000033237001000566000007873                0900000000000010000000000000000000000000000000000000000   0000000000000000000000480A9        170192477882     
0010001300008U 020000000000000000000000000000000000000000000000000000000000000000000000000000000000000000000000000000000000000000000000002811202300000000            000000000000000                              000                           
0010001300009T 0201897X0000000092096 24778829000007874   7000007874      3011202300000000003835700101849X000007874                0900000000000010000000000000000000000000000000000000000   0000000000000000000000480A9        170192477882     
0010001300010U 020000000000000000000000000000000000000000000000000000000000000000000000000000000000000000000000000000000000000000000000002811202300000000            000000000000000                              000                           
0010001300011T 0601897X0000000092096 24778822230002507   70000000000025073011202300000000002043700101897X000002507                0900000000000010090000000000000000000000000000000000000   000000000000000000000000006        170192477882     
0010001300012U 060000000000000000000000000000000000000000000000000000000000000000000000204370000000000204370000000000000000000000000000002811202329112023            000000000000000                              000                           
0010001300013T 0601897X0000000092096 24778822230003247   700000000000324730112023000000000041711341080460000003247                0900000000000010100000000000000000000000000000000000000   000000000000000000000000004        170192477882     
0010001300014U 060000000000000000000000000000000000000000000000000000000000000000000000417110000000000417110000000000000000000000000000002811202329112023            000000000000000                              000                           
0010001300015T 0601897X0000000092096 24778822230003505   700000000000350530112023000000000033792104002780000003505                0900000000000010100000000000000000000000000000000000000   000000000000000000000000004        170192477882     
0010001300016U 060000000000000000000000000000000000000000000000000000000000000000000000337920000000000337920000000000000000000000000000002811202329112023            000000000000000                              000                           
0010001300017T 0601897X0000000092096 24778822230003709   700000000000370930112023000000000494971001006998000003709                0900000000000010040000000000000000000000000000000000000   000000000000000000000000034        170192477882     
0010001300018U 060000000000000000000000000000000000000000000000000000000000000000000004949710000000004949710000000000000000000000000000002811202329112023            000000000000000                              000                           
0010001300019T 0601897X0000000092096 24778822230003877   700000000000387730112023000000006122044104002980000003877                0900000000000010100000000000000000000000000000000000000   000000000000000000000000004        170192477882     
0010001300020U 060000000000000000000000000000000000000000000000000000000000000000000061220440000000061220440000000000000000000000000000002811202329112023            000000000000000                              000                           
0010001300021T 0601897X0000000092096 24778822230004789   700000000000478930112023000000000112615237002140000004789                0900000000000010100000000000000000000000000000000000000   000000000000000000000000004        170192477882     
0010001300022U 060000000000000000000000000000000000000000000000000000000000000000000001126150000000001126150000000000000000000000000000002811202329112023            000000000000000                              000                           
0010001300023T 0601897X0000000092096 24778822230004855   700000000000485530112023000000000031137237001170000004855                0900000000000010100000000000000000000000000000000000000   000000000000000000000000004        170192477882     
0010001300024U 060000000000000000000000000000000000000000000000000000000000000000000000311370000000000311370000000000000000000000000000002811202329112023            000000000000000                              000                           
0010001300025T 0601897X0000000092096 24778822230004856   700000000000485622122023000000000031137237001170000004856                0900000000000010100000000000000000000000000000000000000   000000000000000000000000004        170192477882     
0010001300026U 060000000000000000000000000000000000000000000000000000000000000000000000311370000000000311370000000000000000000000000000002811202329112023            000000000000000                              000                           
0010001300027T 0601897X0000000092096 24778822230004951   700000000000495130112023000000000071240104003150000004951                0900000000000010100000000000000000000000000000000000000   000000000000000000000000004        170192477882     
0010001300028U 060000000000000000000000000000000000000000000000000000000000000000000000712400000000000712400000000000000000000000000000002811202329112023            000000000000000                              000                           
0010001300029T 0601897X0000000092096 24778822230005251   700000000000525130112023000000000035376237004760000005251                0900000000000010100000000000000000000000000000000000000   000000000000000000000000004        170192477882     
0010001300030U 060000000000000000000000000000000000000000000000000000000000000000000000353760000000000353760000000000000000000000000000002811202329112023            000000000000000                              000                           
0010001300031T 0601897X0000000092096 24778822230005359   700000000000535930112023000000000063626341002770000005359                0900000000000010100000000000000000000000000000000000000   000000000000000000000000004        170192477882     
0010001300032U 060000000000000000000000000000000000000000000000000000000000000000000000636260000000000636260000000000000000000000000000002811202329112023            000000000000000                              000                           
0010001300033T 0601897X0000000092096 24778822230005497   700000000000549730112023000000000111299341040050000005497                0900000000000010100000000000000000000000000000000000000   000000000000000000000000004        170192477882     
0010001300034U 060000000000000000000000000000000000000000000000000000000000000000000001112990000000001112990000000000000000000000000000002811202329112023            000000000000000                              000                           
0010001300035T 0601897X0000000092096 24778822230005617   700000000000561730112023000000000041231748050300000005617                0900000000000010100000000000000000000000000000000000000   000000000000000000000000004        170192477882     
0010001300036U 060000000000000000000000000000000000000000000000000000000000000000000000412310000000000412310000000000000000000000000000002811202329112023            000000000000000                              000                           
0010001300037T 0601897X0000000092096 24778822230005737   700000000000573730112023000000000038659001065072000005737                0900000000000010040000000000000000000000000000000000000   000000000000000000000000034        170192477882     
0010001300038U 060000000000000000000000000000000000000000000000000000000000000000000000386590000000000386590000000000000000000000000000002811202329112023            000000000000000                              000                           
0010001300039T 0601897X0000000092096 24778822230005869   700000000000586930112023000000000021470001023248000005869                0900000000000010060000000000000000000000000000000000000   000000000000000000000000033        170192477882     
0010001300040U 060000000000000000000000000000000000000000000000000000000000000000000000214700000000000214700000000000000000000000000000002811202329112023            000000000000000                              000                           
0010001300041T 0601897X0000000092096 24778822230005924   700000000000592422122023000000000023044237005450000005924                0900000000000010100000000000000000000000000000000000000   000000000000000000000000004        170192477882     
0010001300042U 060000000000000000000000000000000000000000000000000000000000000000000000230440000000000230440000000000000000000000000000002811202329112023            000000000000000                              000                           
0010001300043T 0601897X0000000092096 24778822230006277   700000000000627730112023000000000096754341000300000006277                0900000000000010100000000000000000000000000000000000000   000000000000000000000000004        170192477882     
0010001300044U 060000000000000000000000000000000000000000000000000000000000000000000000967540000000000967540000000000000000000000000000002811202329112023            000000000000000                              000                           
0010001300045T 0601897X0000000092096 24778822230006349   700000000000634930112023000000000047524756011310000006349                0900000000000010100000000000000000000000000000000000000   000000000000000000000000004        170192477882     
0010001300046U 060000000000000000000000000000000000000000000000000000000000000000000000475240000000000475240000000000000000000000000000002811202329112023            000000000000000                              000                           
0010001300047T 0601897X0000000092096 24778822230006397   700000000000639730112023000000000034156104003410000006397                0900000000000010100000000000000000000000000000000000000   000000000000000000000000004        170192477882     
0010001300048U 060000000000000000000000000000000000000000000000000000000000000000000000341560000000000341560000000000000000000000000000002811202329112023            000000000000000                              000                           
0010001300049T 0601897X0000000092096 24778822230006571   700000000000657130112023000000000029233033000900000006571                0900000000000010100000000000000000000000000000000000000   000000000000000000000000004        170192477882     
0010001300050U 060000000000000000000000000000000000000000000000000000000000000000000000292330000000000292330000000000000000000000000000002811202329112023            000000000000000                              000                           
0010001300051T 0601897X0000000092096 24778822230006589   70000000000065893011202300000000009854900101897X000006589                0900000000000010090000000000000000000000000000000000000   000000000000000000000000006        170192477882     
0010001300052U 060000000000000000000000000000000000000000000000000000000000000000000000985490000000000985490000000000000000000000000000002811202329112023            000000000000000                              000                           
0010001300053T 0601897X0000000092096 24778822230006721   700000000000672130112023000000000161637341040050000006721                0900000000000010100000000000000000000000000000000000000   000000000000000000000000004        170192477882     
0010001300054U 060000000000000000000000000000000000000000000000000000000000000000000001616370000000001616370000000000000000000000000000002811202329112023            000000000000000                              000                           
0010001300055T 0601897X0000000092096 24778822230006913   700000000000691330112023000000000023206033044280000006913                0900000000000010100000000000000000000000000000000000000   000000000000000000000000004        170192477882     
0010001300056U 060000000000000000000000000000000000000000000000000000000000000000000000232060000000000232060000000000000000000000000000002811202329112023            000000000000000                              000                           
0010001300057T 0601897X0000000092096 24778822230007015   700000000000701530112023000000000087829237003150000007015                0900000000000010100000000000000000000000000000000000000   000000000000000000000000004        170192477882     
0010001300058U 060000000000000000000000000000000000000000000000000000000000000000000000878290000000000878290000000000000000000000000000002811202329112023            000000000000000                              000                           
0010001300059T 0601897X0000000092096 24778822230007147   700000000000714730112023000000000020717341005250000007147                0900000000000010100000000000000000000000000000000000000   000000000000000000000000004        170192477882     
0010001300060U 060000000000000000000000000000000000000000000000000000000000000000000000207170000000000207170000000000000000000000000000002811202329112023            000000000000000                              000                           
0010001300061T 0601897X0000000092096 24778822230007183   700000000000718330112023000000000056510745001200000007183                0900000000000010100000000000000000000000000000000000000   000000000000000000000000004        170192477882     
0010001300062U 060000000000000000000000000000000000000000000000000000000000000000000000565100000000000565100000000000000000000000000000002811202329112023            000000000000000                              000                           
0010001300063T 0601897X0000000092096 24778829000007523   7000007523      30112023000000003371504033002850000007523                0900000000000010100000000000000000000000000000000000000   000000000000000000000000004        170192477882     
0010001300064U 060000000000000000000000000000000000000000000000000000000000000000000033715040000000033715040000000000000000000000000000002811202329112023            000000000000000                              000                           
0010001300065T 0601897X0000000092096 24778829000007753   7000007753      30112023000000000062233104002780000007753                0900000000000010100000000000000000000000000000000000000   000000000000000000000000004        170192477882     
0010001300066U 060000000000000000000000000000000000000000000000000000000000000000000000622330000000000622330000000000000000000000000000002811202329112023            000000000000000                              000                           
0010001300067T 0601897X0000000092096 24778829000007754   7000007754      30112023000000000010380104002780000007754                0900000000000010100000000000000000000000000000000000000   000000000000000000000000004        170192477882     
0010001300068U 060000000000000000000000000000000000000000000000000000000000000000000000103800000000000103800000000000000000000000000000002811202329112023            000000000000000                              000                           
0010001300069T 0601897X0000000092096 24778829000007770   7000007770      30112023000000000063873341009120000007770                0900000000000010100000000000000000000000000000000000000   000000000000000000000000004        170192477882     
0010001300070U 060000000000000000000000000000000000000000000000000000000000000000000000638730000000000638730000000000000000000000000000002811202329112023            000000000000000                              000                           
0010001300071T 0601897X0000000092096 24778829000007771   7000007771      30112023000000000057446341009120000007771                0900000000000010100000000000000000000000000000000000000   000000000000000000000000004        170192477882     
0010001300072U 060000000000000000000000000000000000000000000000000000000000000000000000574460000000000574460000000000000000000000000000002811202329112023            000000000000000                              000                           
0010001300073T 0601897X0000000092096 24778829000007772   7000007772      30112023000000000029055341009120000007772                0900000000000010100000000000000000000000000000000000000   000000000000000000000000004        170192477882     
0010001300074U 060000000000000000000000000000000000000000000000000000000000000000000000290550000000000290550000000000000000000000000000002811202329112023            000000000000000                              000                           
0010001300075T 0601897X0000000092096 24778829000007773   7000007773      30112023000000000069525341009120000007773                0900000000000010100000000000000000000000000000000000000   000000000000000000000000004        170192477882     
0010001300076U 060000000000000000000000000000000000000000000000000000000000000000000000695250000000000695250000000000000000000000000000002811202329112023            000000000000000                              000                           
0010001300077T 0601897X0000000092096 24778829000007800   7000007800      30112023000000000097071033044280000007800                0900000000000010100000000000000000000000000000000000000   000000000000000000000000004        170192477882     
0010001300078U 060000000000000000000000000000000000000000000000000000000000000000000000970710000000000970710000000000000000000000000000002811202329112023            000000000000000                              000                           
0010001300079T 0601897X0000000092096 24778829000007803   7000007803      30112023000000000052993104002780000007803                0900000000000010100000000000000000000000000000000000000   000000000000000000000000004        170192477882     
0010001300080U 060000000000000000000000000000000000000000000000000000000000000000000000529930000000000529930000000000000000000000000000002811202329112023            000000000000000                              000                           
0010001300081T 0601897X0000000092096 24778829000007805   7000007805      30112023000000000098140033010230000007805                0900000000000010100000000000000000000000000000000000000   000000000000000000000000004        170192477882     
0010001300082U 060000000000000000000000000000000000000000000000000000000000000000000000981400000000000981400000000000000000000000000000002811202329112023            000000000000000                              000                           
0010001300083T 0601897X0000000092096 24778829000007831   7000007831      30112023000000000086005389002660000007831                0900000000000010100000000000000000000000000000000000000   000000000000000000000000004        170192477882     
0010001300084U 060000000000000000000000000000000000000000000000000000000000000000000000860050000000000860050000000000000000000000000000002811202329112023            000000000000000                              000                           
0010001300085T 0601897X0000000092096 24778829000007841   7000007841      30112023000000000030115033000900000007841                0900000000000010100000000000000000000000000000000000000   000000000000000000000000004        170192477882     
0010001300086U 060000000000000000000000000000000000000000000000000000000000000000000000301150000000000301150000000000000000000000000000002811202329112023            000000000000000                              000                           
0010001300087T 0601897X0000000092096 24778829000007845   7000007845      30112023000000000046379237033670000007845                0900000000000010100000000000000000000000000000000000000   000000000000000000000000004        170192477882     
0010001300088U 060000000000000000000000000000000000000000000000000000000000000000000000463790000000000463790000000000000000000000000000002811202329112023            000000000000000                              000                           
0010001300089T 0601897X0000000092096 24778829000007850   7000007850      30112023000000000038634341000410000007850                0900000000000010100000000000000000000000000000000000000   000000000000000000000000004        170192477882     
0010001300090U 060000000000000000000000000000000000000000000000000000000000000000000000386340000000000386340000000000000000000000000000002811202329112023            000000000000000                              000                           
0010001300091T 0601897X0000000092096 24778829000007865   7000007865      30112023000000000097197237001170000007865                0900000000000010100000000000000000000000000000000000000   000000000000000000000000004        170192477882     
0010001300092U 060000000000000000000000000000000000000000000000000000000000000000000000971970000000000971970000000000000000000000000000002811202329112023            000000000000000                              000                           
0010001300093T 0601897X0000000092096 24778829000007867   7000007867      30112023000000000033697104002780000007867                0900000000000010100000000000000000000000000000000000000   000000000000000000000000004        170192477882     
0010001300094U 060000000000000000000000000000000000000000000000000000000000000000000000336970000000000336970000000000000000000000000000002811202329112023            000000000000000                              000                           
0010001300095T 0601897X0000000092096 24778829000007868   7000007868      22122023000000000031385341077850000007868                0900000000000010100000000000000000000000000000000000000   000000000000000000000000004        170192477882     
0010001300096U 060000000000000000000000000000000000000000000000000000000000000000000000313850000000000313850000000000000000000000000000002811202329112023            000000000000000                              000                           
0010001300097T 1401897X0000000092096 24778829000007868   7000007868      22122023000000000031385001009946000007868                0900000000000000000000000000000000000000000000000000000   000000000000000000000000000        170192477882     
0010001300098U 140000000000000000000000000000000000000000000000000000000000000000000000000000000000000000000000000000000000000000000000002811202300000000            000000000000000                              000                           
0010001300099T 1401897X0000000092096 24778829000007869   7000007869      2212202300000000003347000101849X000007869                0900000000000000000000000000000000000000000000000000000   000000000000000000000000000        170192477882     
0010001300100U 140000000000000000000000000000000000000000000000000000000000000000000000000000000000000000000000000000000000000000000000002811202300000000            000000000000000                              000                           
00100015         000102001592000000006250229260000000000000000000000000000000000000000000000000000000000000000000000000000000000000000000000000000                                                                                              
00199999         000001000104000000                                                                                                                                                            00000000000000000000000000000                    
