00100000         2115139610001160024778820014       01897X0000000092096 FUNDACAO AGENCIA DAS BACIAS HIBANCO DO BRASIL                         21312202301224900544703000000829973081PROCESSAMEN                                                 
00100011T0100020 20115139610001160024778820014       01897X0000000092096 FUNDACAO AGENCIA DAS BACIAS HI                                                                                000000001312202300000000  000000000                      
0010001300001T 0201897X0000000092096 24778829000007951   7000007951      29122023000000000028574001003018000007951                0900000000000010500000000000000000000000000000000000000   0000000000000000000000480A9A4      170192477882     
0010001300002U 020000000000000000000000000000000000000000000000000000000000000000000000000000000000000000000000000000000000000000000000001312202300000000            000000000000000                              000                           
0010001300003T 0201897X0000000092096 24778829000007952   7000007952      2912202300000000002751100101513X000007952                0900000000000010500000000000000000000000000000000000000   0000000000000000000000480A9A4      170192477882     
0010001300004U 020000000000000000000000000000000000000000000000000000000000000000000000000000000000000000000000000000000000000000000000001312202300000000            000000000000000                              000                           
0010001300005T 0201897X0000000092096 24778829000007953   7000007953      2912202300000000002711200101849X000007953                0900000000000010500000000000000000000000000000000000000   0000000000000000000000480A9A4      170192477882     
0010001300006U 020000000000000000000000000000000000000000000000000000000000000000000000000000000000000000000000000000000000000000000000001312202300000000            000000000000000                              000                           
0010001300007T 0201897X0000000092096 24778829000007954   7000007954      29122023000000000025143001043036000007954                0900000000000010000000000000000000000000000000000000000   0000000000000000000000480A9        170192477882     
0010001300008U 020000000000000000000000000000000000000000000000000000000000000000000000000000000000000000000000000000000000000000000000001312202300000000            000000000000000                              000                           
0010001300009T 0201897X0000000092096 24778829000007955   7000007955      29122023000000000029166001003190000007955                0900000000000010000000000000000000000000000000000000000   0000000000000000000000480A9        170192477882     
0010001300010U 020000000000000000000000000000000000000000000000000000000000000000000000000000000000000000000000000000000000000000000000001312202300000000            000000000000000                              000                           
0010001300011T 0201897X0000000092096 24778829000007956   7000007956      2912202300000000002518300100216X000007956                0900000000000010500000000000000000000000000000000000000   0000000000000000000000480A9A4      170192477882     
0010001300012U 020000000000000000000000000000000000000000000000000000000000000000000000000000000000000000000000000000000000000000000000001312202300000000            000000000000000                              000                           
0010001300013T 0201897X0000000092096 24778829000007957   7000007957      29122023000000000023306001045888000007957                0900000000000010500000000000000000000000000000000000000   0000000000000000000000480A9A4      170192477882     
0010001300014U 020000000000000000000000000000000000000000000000000000000000000000000000000000000000000000000000000000000000000000000000001312202300000000            000000000000000                              000                           
0010001300015T 0201897X0000000092096 24778829000007958   7000007958      29122023000000000022152001007811000007958                0900000000000010500000000000000000000000000000000000000   0000000000000000000000480A9A4      170192477882     
0010001300016U 020000000000000000000000000000000000000000000000000000000000000000000000000000000000000000000000000000000000000000000000001312202300000000            000000000000000                              000                           
0010001300017T 0201897X0000000092096 24778829000007959   7000007959      29122023000000000025058001003409000007959                0900000000000010000000000000000000000000000000000000000   0000000000000000000000480A9        170192477882     
0010001300018U 020000000000000000000000000000000000000000000000000000000000000000000000000000000000000000000000000000000000000000000000001312202300000000            000000000000000                              000                           
0010001300019T 0201897X0000000092096 24778829000007960   7000007960      29122023000000000024732001001678000007960                0900000000000010000000000000000000000000000000000000000   0000000000000000000000480A9        170192477882     
0010001300020U 020000000000000000000000000000000000000000000000000000000000000000000000000000000000000000000000000000000000000000000000001312202300000000            000000000000000                              000                           
0010001300021T 0201897X0000000092096 24778829000007961   7000007961      29122023000000000024303001003190000007961                0900000000000010500000000000000000000000000000000000000   0000000000000000000000480A9A4      170192477882     
0010001300022U 020000000000000000000000000000000000000000000000000000000000000000000000000000000000000000000000000000000000000000000000001312202300000000            000000000000000                              000                           
0010001300023T 0201897X0000000092096 24778829000007962   7000007962      22122023000000000020884001004596000007962                0900000000000010000000000000000000000000000000000000000   0000000000000000000000480A9        170192477882     
0010001300024U 020000000000000000000000000000000000000000000000000000000000000000000000000000000000000000000000000000000000000000000000001312202300000000            000000000000000                              000                           
0010001300025T 0201897X0000000092096 24778829000007963   7000007963      29122023000000000020030001003409000007963                0900000000000010500000000000000000000000000000000000000   0000000000000000000000480A9A4      170192477882     
0010001300026U 020000000000000000000000000000000000000000000000000000000000000000000000000000000000000000000000000000000000000000000000001312202300000000            000000000000000                              000                           
0010001300027T 0201897X0000000092096 24778829000007964   7000007964      29122023000000000023447001066583000007964                0900000000000010000000000000000000000000000000000000000   0000000000000000000000480A9        170192477882     
0010001300028U 020000000000000000000000000000000000000000000000000000000000000000000000000000000000000000000000000000000000000000000000001312202300000000            000000000000000                              000                           
0010001300029T 0201897X0000000092096 24778829000007965   7000007965      29122023000000000045037001006998000007965                0900000000000010000000000000000000000000000000000000000   0000000000000000000000480A9        170192477882     
0010001300030U 020000000000000000000000000000000000000000000000000000000000000000000000000000000000000000000000000000000000000000000000001312202300000000            000000000000000                              000                           
0010001300031T 0601897X0000000092096 24778822230003530   700000000000353022122023000000000101866341015650000003530                0900000000000010100000000000000000000000000000000000000   000000000000000000000000004        170192477882     
0010001300032U 060000000000000000000000000000000000000000000000000000000000000000000001018660000000001018660000000000000000000000000000001312202314122023            000000000000000                              000                           
0010001300033T 0601897X0000000092096 24778822230005096   700000000000509622122023000000000048672033042040000005096                0900000000000010100000000000000000000000000000000000000   000000000000000000000000004        170192477882     
0010001300034U 060000000000000000000000000000000000000000000000000000000000000000000000486720000000000486720000000000000000000000000000001312202314122023            000000000000000                              000                           
0010001300035T 0601897X0000000092096 24778822230005666   700000000000566622122023000000000071456341009420000005666                0900000000000010100000000000000000000000000000000000000   000000000000000000000000004        170192477882     
0010001300036U 060000000000000000000000000000000000000000000000000000000000000000000000714560000000000714560000000000000000000000000000001312202314122023            000000000000000                              000                           
0010001300037T 0601897X0000000092096 24778822230005738   700000000000573822122023000000000038659001065072000005738                0900000000000010040000000000000000000000000000000000000   000000000000000000000000034        170192477882     
0010001300038U 060000000000000000000000000000000000000000000000000000000000000000000000386590000000000386590000000000000000000000000000001312202314122023            000000000000000                              000                           
0010001300039T 0601897X0000000092096 24778822230005762   700000000000576222122023000000000038371341015650000005762                0900000000000010100000000000000000000000000000000000000   000000000000000000000000004        170192477882     
0010001300040U 060000000000000000000000000000000000000000000000000000000000000000000000383710000000000383710000000000000000000000000000001312202314122023            000000000000000                              000                           
0010001300041T 0601897X0000000092096 24778822230005768   700000000000576822122023000000000073012341015650000005768                0900000000000010100000000000000000000000000000000000000   000000000000000000000000004        170192477882     
0010001300042U 060000000000000000000000000000000000000000000000000000000000000000000000730120000000000730120000000000000000000000000000001312202314122023            000000000000000                              000                           
0010001300043T 0601897X0000000092096 24778822230005834   700000000000583422122023000000000144224341015650000005834                0900000000000010100000000000000000000000000000000000000   000000000000000000000000004        170192477882     
0010001300044U 060000000000000000000000000000000000000000000000000000000000000000000001442240000000001442240000000000000000000000000000001312202314122023            000000000000000                              000                           
0010001300045T 0601897X0000000092096 24778822230005846   700000000000584622122023000000000023714001024538000005846                0900000000000010040000000000000000000000000000000000000   000000000000000000000000034        170192477882     
0010001300046U 060000000000000000000000000000000000000000000000000000000000000000000000237140000000000237140000000000000000000000000000001312202314122023            000000000000000                              000                           
0010001300047T 0601897X0000000092096 24778822230006152   700000000000615222122023000000000039743341000550000006152                0900000000000010100000000000000000000000000000000000000   000000000000000000000000004        170192477882     
0010001300048U 060000000000000000000000000000000000000000000000000000000000000000000000397430000000000397430000000000000000000000000000001312202314122023            000000000000000                              000                           
0010001300049T 0601897X0000000092096 24778822230006398   700000000000639822122023000000000034156104003410000006398                0900000000000010100000000000000000000000000000000000000   000000000000000000000000004        170192477882     
0010001300050U 060000000000000000000000000000000000000000000000000000000000000000000000341560000000000341560000000000000000000000000000001312202314122023            000000000000000                              000                           
0010001300051T 0601897X0000000092096 24778822230006566   700000000000656622122023000000000039794237033670000006566                0900000000000010100000000000000000000000000000000000000   000000000000000000000000004        170192477882     
0010001300052U 060000000000000000000000000000000000000000000000000000000000000000000000397940000000000397940000000000000000000000000000001312202314122023            000000000000000                              000                           
0010001300053T 0601897X0000000092096 24778829000007878   7000007878      22122023000000000031092341081470000007878                0900000000000010100000000000000000000000000000000000000   000000000000000000000000004        170192477882     
0010001300054U 060000000000000000000000000000000000000000000000000000000000000000000000310920000000000310920000000000000000000000000000001312202314122023            000000000000000                              000                           
00100015         000056000872000000005008414080000000000000000000000000000000000000000000000000000000000000000000000000000000000000000000000000000                                                                                              
00199999         000001000058000000                                                                                                                                                            00000000000000000000000000000                    
