00100000         2115139610001160024778820014       01897X0000000092096 FUNDACAO AGENCIA DAS BACIAS HIBANCO DO BRASIL                         20311202302241700539303000000829973081PROCESSAMEN                                                 
00100011T0100020 20115139610001160024778820014       01897X0000000092096 FUNDACAO AGENCIA DAS BACIAS HI                                                                                000000000311202300000000  000000000                      
0010001300001T 0601897X0000000092096 24778822230002331   700000000000233131102023000000000021958341000190000002331                0900000000000010100000000000000000000000000000000000000   000000000000000000000000004        170192477882     
0010001300002U 060000000000004600000000000000000000000000000000000000000000000000000000224180000000000224180000000000000000000000000000000311202306112023            000000000000000                              000                           
00100015         000004001921000000006720705670000000000000000000000000000000000000000000000000000000000000000000000000000000000000000000000000000                                                                                              
00199999         000001000006000000                                                                                                                                                            00000000000000000000000000000                    
