00100000         2115139610001160024778820014       01897X0000000092096 FUNDACAO AGENCIA DAS BACIAS HIBANCO DO BRASIL                         20711202301363200539703000000829973081PROCESSAMEN                                                 
00100011T0100020 20115139610001160024778820014       01897X0000000092096 FUNDACAO AGENCIA DAS BACIAS HI                                                                                000000000711202300000000  000000000                      
0010001300001T 0201897X0000000092096 24778829000007802   7000007802      30112023000000000053151001008117000007802                0900000000000010000000000000000000000000000000000000000   0000000000000000000000480A9        170192477882     
0010001300002U 020000000000000000000000000000000000000000000000000000000000000000000000000000000000000000000000000000000000000000000000000711202300000000            000000000000000                              000                           
0010001300003T 0201897X0000000092096 24778829000007803   7000007803      30112023000000000052993001003190000007803                0900000000000010500000000000000000000000000000000000000   0000000000000000000000480A9A4      170192477882     
0010001300004U 020000000000000000000000000000000000000000000000000000000000000000000000000000000000000000000000000000000000000000000000000711202300000000            000000000000000                              000                           
0010001300005T 0201897X0000000092096 24778829000007804   7000007804      30112023000000000104567001006998000007804                0900000000000010000000000000000000000000000000000000000   0000000000000000000000480A9        170192477882     
0010001300006U 020000000000000000000000000000000000000000000000000000000000000000000000000000000000000000000000000000000000000000000000000711202300000000            000000000000000                              000                           
0010001300007T 0201897X0000000092096 24778829000007805   7000007805      3011202300000000009814000101849X000007805                0900000000000010500000000000000000000000000000000000000   0000000000000000000000480A9A4      170192477882     
0010001300008U 020000000000000000000000000000000000000000000000000000000000000000000000000000000000000000000000000000000000000000000000000711202300000000            000000000000000                              000                           
0010001300009T 0201897X0000000092096 24778829000007806   7000007806      30112023000000000154832001004154000007806                0900000000000010500000000000000000000000000000000000000   0000000000000000000000480A9A4      170192477882     
0010001300010U 020000000000000000000000000000000000000000000000000000000000000000000000000000000000000000000000000000000000000000000000000711202300000000            000000000000000                              000                           
0010001300011T 0201897X0000000092096 24778829000007807   7000007807      30112023000000000121335001007994000007807                0900000000000010000000000000000000000000000000000000000   0000000000000000000000480A9        170192477882     
0010001300012U 020000000000000000000000000000000000000000000000000000000000000000000000000000000000000000000000000000000000000000000000000711202300000000            000000000000000                              000                           
0010001300013T 0201897X0000000092096 24778829000007808   7000007808      30112023000000000096003001003409000007808                0900000000000010000000000000000000000000000000000000000   0000000000000000000000480A9        170192477882     
0010001300014U 020000000000000000000000000000000000000000000000000000000000000000000000000000000000000000000000000000000000000000000000000711202300000000            000000000000000                              000                           
0010001300015T 0201897X0000000092096 24778829000007809   7000007809      3011202300000000009644100101849X000007809                0900000000000010000000000000000000000000000000000000000   0000000000000000000000480A9        170192477882     
0010001300016U 020000000000000000000000000000000000000000000000000000000000000000000000000000000000000000000000000000000000000000000000000711202300000000            000000000000000                              000                           
0010001300017T 0601897X0000000092096 24778829000007783   7000007783      30112023000000000112055341045360000007783                0900000000000010100000000000000000000000000000000000000   000000000000000000000000004        170192477882     
0010001300018U 060000000000000000000000000000000000000000000000000000000000000000000001120550000000001120550000000000000000000000000000000711202308112023            000000000000000                              000                           
00100015         000020001713000000006471645260000000000000000000000000000000000000000000000000000000000000000000000000000000000000000000000000000                                                                                              
00199999         000001000022000000                                                                                                                                                            00000000000000000000000000000                    
