00100000         2115139610001160024778820014       01897X0000000092096 FUNDACAO AGENCIA DAS BACIAS HIBANCO DO BRASIL                         21711202301271100541103000000829973081PROCESSAMEN                                                 
00100011T0100020 20115139610001160024778820014       01897X0000000092096 FUNDACAO AGENCIA DAS BACIAS HI                                                                                000000001711202300000000  000000000                      
0010001300001T 0601897X0000000092096 24778822230002547   700000000000254730112023000000000020264033046480000002547                0900000000000010100000000000000000000000000000000000000   000000000000000000000000004        170192477882     
0010001300002U 060000000000000000000000000000000000000000000000000000000000000000000000202640000000000202640000000000000000000000000000001711202320112023            000000000000000                              000                           
0010001300003T 0601897X0000000092096 24778822230002893   700000000000289330112023000000000041475756013660000002893                0900000000000010100000000000000000000000000000000000000   000000000000000000000000004        170192477882     
0010001300004U 060000000000000000000000000000000000000000000000000000000000000000000000414750000000000414750000000000000000000000000000001711202320112023            000000000000000                              000                           
0010001300005T 0601897X0000000092096 24778822230002971   700000000000297130112023000000000078071509000010000002971                0900000000000010100000000000000000000000000000000000000   000000000000000000000000004        170192477882     
0010001300006U 060000000000000000000000000000000000000000000000000000000000000000000000780710000000000780710000000000000000000000000000001711202320112023            000000000000000                              000                           
0010001300007T 0601897X0000000092096 24778822230003211   700000000000321130112023000000000096765341016640000003211                0900000000000010100000000000000000000000000000000000000   000000000000000000000000004        170192477882     
0010001300008U 060000000000000000000000000000000000000000000000000000000000000000000000967650000000000967650000000000000000000000000000001711202320112023            000000000000000                              000                           
0010001300009T 0601897X0000000092096 24778822230004621   700000000000462130112023000000000292665756085660000004621                0900000000000010100000000000000000000000000000000000000   000000000000000000000000004        170192477882     
0010001300010U 060000000000000000000000000000000000000000000000000000000000000000000002926650000000002926650000000000000000000000000000001711202320112023            000000000000000                              000                           
0010001300011T 0601897X0000000092096 24778822230005239   700000000000523930112023000000000028545341000920000005239                0900000000000010100000000000000000000000000000000000000   000000000000000000000000004        170192477882     
0010001300012U 060000000000000000000000000000000000000000000000000000000000000000000000285450000000000285450000000000000000000000000000001711202320112023            000000000000000                              000                           
00100015         000014001700000000006449935190000000000000000000000000000000000000000000000000000000000000000000000000000000000000000000000000000                                                                                              
00199999         000001000016000000                                                                                                                                                            00000000000000000000000000000                    
