00100000         2115139610001160024778820014       01897X0000000092096 FUNDACAO AGENCIA DAS BACIAS HIBANCO DO BRASIL                         21812202302461900545303000000829973081PROCESSAMEN                                                 
00100011T0100020 20115139610001160024778820014       01897X0000000092096 FUNDACAO AGENCIA DAS BACIAS HI                                                                                000000001812202300000000  000000000                      
0010001300001T 0201897X0000000092096 24778829000007977   7000007977      29122023000000000009867001045888000007977                0900000000000010000000000000000000000000000000000000000   0000000000000000000000480A9        170192477882     
0010001300002U 020000000000000000000000000000000000000000000000000000000000000000000000000000000000000000000000000000000000000000000000001812202300000000            000000000000000                              000                           
0010001300003T 0201897X0000000092096 24778829000007978   7000007978      2912202300000000002290000101849X000007978                0900000000000010500000000000000000000000000000000000000   0000000000000000000000480A9A4      170192477882     
0010001300004U 020000000000000000000000000000000000000000000000000000000000000000000000000000000000000000000000000000000000000000000000001812202300000000            000000000000000                              000                           
0010001300005T 0201897X0000000092096 24778829000007979   7000007979      29122023000000000019444001004596000007979                0900000000000010500000000000000000000000000000000000000   0000000000000000000000480A9A4      170192477882     
0010001300006U 020000000000000000000000000000000000000000000000000000000000000000000000000000000000000000000000000000000000000000000000001812202300000000            000000000000000                              000                           
0010001300007T 0201897X0000000092096 24778829000007980   7000007980      29122023000000000028247001023248000007980                0900000000000010500000000000000000000000000000000000000   0000000000000000000000480A9A4      170192477882     
0010001300008U 020000000000000000000000000000000000000000000000000000000000000000000000000000000000000000000000000000000000000000000000001812202300000000            000000000000000                              000                           
0010001300009T 0601897X0000000092096 24778822230002894   700000000000289422122023000000000041475756013660000002894                0900000000000010100000000000000000000000000000000000000   000000000000000000000000004        170192477882     
0010001300010U 060000000000000000000000000000000000000000000000000000000000000000000000414750000000000414750000000000000000000000000000001812202319122023            000000000000000                              000                           
0010001300011T 0601897X0000000092096 24778822230002948   700000000000294822122023000000000039462341000300000002948                0900000000000010100000000000000000000000000000000000000   000000000000000000000000004        170192477882     
0010001300012U 060000000000000000000000000000000000000000000000000000000000000000000000394620000000000394620000000000000000000000000000001812202319122023            000000000000000                              000                           
0010001300013T 0601897X0000000092096 24778822230003212   700000000000321222122023000000000096765341016640000003212                0900000000000010100000000000000000000000000000000000000   000000000000000000000000004        170192477882     
0010001300014U 060000000000000000000000000000000000000000000000000000000000000000000000967650000000000967650000000000000000000000000000001812202319122023            000000000000000                              000                           
0010001300015T 0601897X0000000092096 24778822230003272   700000000000327222122023000000000162573748077440000003272                0900000000000010100000000000000000000000000000000000000   000000000000000000000000004        170192477882     
0010001300016U 060000000000000000000000000000000000000000000000000000000000000000000001625730000000001625730000000000000000000000000000001812202319122023            000000000000000                              000                           
0010001300017T 0601897X0000000092096 24778822230003368   700000000000336822122023000000000335220389002630000003368                0900000000000010100000000000000000000000000000000000000   000000000000000000000000004        170192477882     
0010001300018U 060000000000000000000000000000000000000000000000000000000000000000000003352200000000003352200000000000000000000000000000001812202319122023            000000000000000                              000                           
0010001300019T 0601897X0000000092096 24778822230003494   700000000000349422122023000000000143069237019360000003494                0900000000000010100000000000000000000000000000000000000   000000000000000000000000004        170192477882     
0010001300020U 060000000000000000000000000000000000000000000000000000000000000000000001430690000000001430690000000000000000000000000000001812202319122023            000000000000000                              000                           
0010001300021T 0601897X0000000092096 24778822230004376   700000000000437622122023000000000029253001009903000004376                0900000000000010040000000000000000000000000000000000000   000000000000000000000000034        170192477882     
0010001300022U 060000000000000000000000000000000000000000000000000000000000000000000000292530000000000292530000000000000000000000000000001812202319122023            000000000000000                              000                           
0010001300023T 0601897X0000000092096 24778822230004484   700000000000448422122023000000000050374341007960000004484                0900000000000010100000000000000000000000000000000000000   000000000000000000000000004        170192477882     
0010001300024U 060000000000000000000000000000000000000000000000000000000000000000000000503740000000000503740000000000000000000000000000001812202319122023            000000000000000                              000                           
0010001300025T 0601897X0000000092096 24778822230004592   700000000000459222122023000000000074765237072160000004592                0900000000000010100000000000000000000000000000000000000   000000000000000000000000004        170192477882     
0010001300026U 060000000000000000000000000000000000000000000000000000000000000000000000747650000000000747650000000000000000000000000000001812202319122023            000000000000000                              000                           
0010001300027T 0601897X0000000092096 24778822230004688   700000000000468822122023000000000034839237025340000004688                0900000000000010100000000000000000000000000000000000000   000000000000000000000000004        170192477882     
0010001300028U 060000000000000000000000000000000000000000000000000000000000000000000000348390000000000348390000000000000000000000000000001812202319122023            000000000000000                              000                           
0010001300029T 0601897X0000000092096 24778822230004880   700000000000488022122023000000000042724104003320000004880                0900000000000010100000000000000000000000000000000000000   000000000000000000000000004        170192477882     
0010001300030U 060000000000000000000000000000000000000000000000000000000000000000000000427240000000000427240000000000000000000000000000001812202319122023            000000000000000                              000                           
0010001300031T 0601897X0000000092096 24778822230004988   700000000000498822122023000000000053343341000280000004988                0900000000000010100000000000000000000000000000000000000   000000000000000000000000004        170192477882     
0010001300032U 060000000000000000000000000000000000000000000000000000000000000000000000533430000000000533430000000000000000000000000000001812202319122023            000000000000000                              000                           
0010001300033T 0601897X0000000092096 24778822230005678   700000000000567822122023000000000075009237025340000005678                0900000000000010100000000000000000000000000000000000000   000000000000000000000000004        170192477882     
0010001300034U 060000000000000000000000000000000000000000000000000000000000000000000000750090000000000750090000000000000000000000000000001812202319122023            000000000000000                              000                           
0010001300035T 0601897X0000000092096 24778822230005882   700000000000588222122023000000000025399341000110000005882                0900000000000010100000000000000000000000000000000000000   000000000000000000000000004        170192477882     
0010001300036U 060000000000000000000000000000000000000000000000000000000000000000000000253990000000000253990000000000000000000000000000001812202319122023            000000000000000                              000                           
0010001300037T 0601897X0000000092096 24778822230006422   700000000000642222122023000000000041719341007960000006422                0900000000000010100000000000000000000000000000000000000   000000000000000000000000004        170192477882     
0010001300038U 060000000000000000000000000000000000000000000000000000000000000000000000417190000000000417190000000000000000000000000000001812202319122023            000000000000000                              000                           
0010001300039T 0601897X0000000092096 24778822230006620   700000000000662022122023000000000060415341000280000006620                0900000000000010100000000000000000000000000000000000000   000000000000000000000000004        170192477882     
0010001300040U 060000000000000000000000000000000000000000000000000000000000000000000000604150000000000604150000000000000000000000000000001812202319122023            000000000000000                              000                           
0010001300041T 0601897X0000000092096 24778822230006644   700000000000664422122023000000000030741033000900000006644                0900000000000010100000000000000000000000000000000000000   000000000000000000000000004        170192477882     
0010001300042U 060000000000000000000000000000000000000000000000000000000000000000000000307410000000000307410000000000000000000000000000001812202319122023            000000000000000                              000                           
0010001300043T 0601897X0000000092096 24778822230006716   700000000000671622122023000000000042598748052120000006716                0900000000000010100000000000000000000000000000000000000   000000000000000000000000004        170192477882     
0010001300044U 060000000000000000000000000000000000000000000000000000000000000000000000425980000000000425980000000000000000000000000000001812202319122023            000000000000000                              000                           
0010001300045T 0601897X0000000092096 24778822230006728   700000000000672822122023000000000039036341083970000006728                0900000000000010100000000000000000000000000000000000000   000000000000000000000000004        170192477882     
0010001300046U 060000000000000000000000000000000000000000000000000000000000000000000000390360000000000390360000000000000000000000000000001812202319122023            000000000000000                              000                           
0010001300047T 0601897X0000000092096 24778822230006860   700000000000686022122023000000000024397509000010000006860                0900000000000010100000000000000000000000000000000000000   000000000000000000000000004        170192477882     
0010001300048U 060000000000000000000000000000000000000000000000000000000000000000000000243970000000000243970000000000000000000000000000001812202319122023            000000000000000                              000                           
0010001300049T 0601897X0000000092096 24778822230006908   700000000000690822122023000000000023975756072790000006908                0900000000000010100000000000000000000000000000000000000   000000000000000000000000004        170192477882     
0010001300050U 060000000000000000000000000000000000000000000000000000000000000000000000239750000000000239750000000000000000000000000000001812202319122023            000000000000000                              000                           
0010001300051T 0601897X0000000092096 24778822230007016   700000000000701622122023000000000087829341006660000007016                0900000000000010100000000000000000000000000000000000000   000000000000000000000000004        170192477882     
0010001300052U 060000000000000000000000000000000000000000000000000000000000000000000000878290000000000878290000000000000000000000000000001812202319122023            000000000000000                              000                           
0010001300053T 0601897X0000000092096 24778829000007489   7000007489      22122023000000000551055745000010000007489                0900000000000010100000000000000000000000000000000000000   000000000000000000000000004        170192477882     
0010001300054U 060000000000000000000000000000000000000000000000000000000000000000000005510550000000005510550000000000000000000000000000001812202319122023            000000000000000                              000                           
0010001300055T 0601897X0000000092096 24778829000007616   7000007616      22122023000000000256514341064580000007616                0900000000000010100000000000000000000000000000000000000   000000000000000000000000004        170192477882     
0010001300056U 060000000000000000000000000000000000000000000000000000000000000000000002565140000000002565140000000000000000000000000000001812202319122023            000000000000000                              000                           
0010001300057T 0601897X0000000092096 24778829000007931   7000007931      22122023000000000013497341013700000007931                0900000000000010100000000000000000000000000000000000000   000000000000000000000000004        170192477882     
0010001300058U 060000000000000000000000000000000000000000000000000000000000000000000000134970000000000134970000000000000000000000000000001812202319122023            000000000000000                              000                           
0010001300059T 0601897X0000000092096 24778829000007956   7000007956      22122023000000000025183341002790000007956                0900000000000010100000000000000000000000000000000000000   000000000000000000000000004        170192477882     
0010001300060U 060000000000000000000000000000000000000000000000000000000000000000000000251830000000000251830000000000000000000000000000001812202319122023            000000000000000                              000                           
0010001300061T 0601897X0000000092096 24778829000007960   7000007960      22122023000000000024732341069310000007960                0900000000000010100000000000000000000000000000000000000   000000000000000000000000004        170192477882     
0010001300062U 060000000000000000000000000000000000000000000000000000000000000000000000247320000000000247320000000000000000000000000000001812202319122023            000000000000000                              000                           
0010001300063T 0601897X0000000092096 24778829000007972   7000007972      22122023000000000016232237000960000007972                0900000000000010100000000000000000000000000000000000000   000000000000000000000000004        170192477882     
0010001300064U 060000000000000000000000000000000000000000000000000000000000000000000000162320000000000162320000000000000000000000000000001812202319122023            000000000000000                              000                           
0010001300065T 0901897X0000000092096 24778829000007802   7000007802      30112023000000000053151001008117000007802                0900000000000000000000000000000000000000000000000000000   000000000000000000000036010        170192477882     
0010001300066U 090000000000000000000000000000000000000000000000000000000000000000000000000000000000000000000000000000000000000000000000001812202300000000            000000000000000                              000                           
0010001300067T 0901897X0000000092096 24778829000007814   7000007814      30112023000000000092995001003409000007814                0900000000000000000000000000000000000000000000000000000   000000000000000000000036010        170192477882     
0010001300068U 090000000000000000000000000000000000000000000000000000000000000000000000000000000000000000000000000000000000000000000000001812202300000000            000000000000000                              000                           
0010001300069T 0901897X0000000092096 24778829000007821   7000007821      30112023000000000048479001000566000007821                0900000000000000000000000000000000000000000000000000000   000000000000000000000036010        170192477882     
0010001300070U 090000000000000000000000000000000000000000000000000000000000000000000000000000000000000000000000000000000000000000000000001812202300000000            000000000000000                              000                           
0010001300071T 0901897X0000000092096 24778829000007823   7000007823      30112023000000000231153001003409000007823                0900000000000000000000000000000000000000000000000000000   000000000000000000000036010        170192477882     
0010001300072U 090000000000000000000000000000000000000000000000000000000000000000000000000000000000000000000000000000000000000000000000001812202300000000            000000000000000                              000                           
0010001300073T 0901897X0000000092096 24778829000007827   7000007827      30112023000000000046379001003409000007827                0900000000000000000000000000000000000000000000000000000   000000000000000000000036010        170192477882     
0010001300074U 090000000000000000000000000000000000000000000000000000000000000000000000000000000000000000000000000000000000000000000000001812202300000000            000000000000000                              000                           
0010001300075T 1401897X0000000092096 24778829000007971   7000007971      22122023000000000019554001003190000007971                0900000000000000000000000000000000000000000000000000000   000000000000000000000000000        170192477882     
0010001300076U 140000000000000000000000000000000000000000000000000000000000000000000000000000000000000000000000000000000000000000000000001812202300000000            000000000000000                              000                           
0010001300077T 1401897X0000000092096 24778829000007972   7000007972      22122023000000000016232001016020000007972                0900000000000000000000000000000000000000000000000000000   000000000000000000000000000        170192477882     
0010001300078U 140000000000000000000000000000000000000000000000000000000000000000000000000000000000000000000000000000000000000000000000001812202300000000            000000000000000                              000                           
0010001300079T 1401897X0000000092096 24778829000007973   7000007973      22122023000000000018685001004154000007973                0900000000000000000000000000000000000000000000000000000   000000000000000000000000000        170192477882     
0010001300080U 140000000000000000000000000000000000000000000000000000000000000000000000000000000000000000000000000000000000000000000000001812202300000000            000000000000000                              000                           
0010001300081T 1401897X0000000092096 24778829000007975   7000007975      22122023000000000031253001004596000007975                0900000000000000000000000000000000000000000000000000000   000000000000000000000000000        170192477882     
0010001300082U 140000000000000000000000000000000000000000000000000000000000000000000000000000000000000000000000000000000000000000000000001812202300000000            000000000000000                              000                           
00100015         000084000829000000005105489250000000000000000000000000000000000000000000000000000000000000000000000000000000000000000000000000000                                                                                              
00199999         000001000086000000                                                                                                                                                            00000000000000000000000000000                    
