00100000         2115139610001160024778820014       01897X0000000092096 FUNDACAO AGENCIA DAS BACIAS HIBANCO DO BRASIL                         22911202301184300542703000000829973081PROCESSAMEN                                                 
00100011T0100020 20115139610001160024778820014       01897X0000000092096 FUNDACAO AGENCIA DAS BACIAS HI                                                                                000000002911202300000000  000000000                      
0010001300001T 0601897X0000000092096 24778822230002637   700000000000263730112023000000000020494033037160000002637                0900000000000010100000000000000000000000000000000000000   000000000000000000000000004        170192477882     
0010001300002U 060000000000000000000000000000000000000000000000000000000000000000000000204940000000000204940000000000000000000000000000002911202330112023            000000000000000                              000                           
0010001300003T 0601897X0000000092096 24778822230002707   700000000000270730112023000000000022133104029090000002707                0900000000000010100000000000000000000000000000000000000   000000000000000000000000004        170192477882     
0010001300004U 060000000000000000000000000000000000000000000000000000000000000000000000221330000000000221330000000000000000000000000000002911202330112023            000000000000000                              000                           
0010001300005T 0601897X0000000092096 24778822230002747   700000000000274730112023000000000022199341044580000002747                0900000000000010100000000000000000000000000000000000000   000000000000000000000000004        170192477882     
0010001300006U 060000000000000000000000000000000000000000000000000000000000000000000000221990000000000221990000000000000000000000000000002911202330112023            000000000000000                              000                           
0010001300007T 0601897X0000000092096 24778822230002899   700000000000289930112023000000000060471341000280000002899                0900000000000010100000000000000000000000000000000000000   000000000000000000000000004        170192477882     
0010001300008U 060000000000000000000000000000000000000000000000000000000000000000000000604710000000000604710000000000000000000000000000002911202330112023            000000000000000                              000                           
0010001300009T 0601897X0000000092096 24778822230002911   700000000000291130112023000000000045218341008970000002911                0900000000000010100000000000000000000000000000000000000   000000000000000000000000004        170192477882     
0010001300010U 060000000000000000000000000000000000000000000000000000000000000000000000452180000000000452180000000000000000000000000000002911202330112023            000000000000000                              000                           
0010001300011T 0601897X0000000092096 24778822230002983   700000000000298330112023000000000034046341001830000002983                0900000000000010100000000000000000000000000000000000000   000000000000000000000000004        170192477882     
0010001300012U 060000000000000000000000000000000000000000000000000000000000000000000000340460000000000340460000000000000000000000000000002911202330112023            000000000000000                              000                           
0010001300013T 0601897X0000000092096 24778822230003289   700000000000328930112023000000000108848341087450000003289                0900000000000010100000000000000000000000000000000000000   000000000000000000000000004        170192477882     
0010001300014U 060000000000000000000000000000000000000000000000000000000000000000000001088480000000001088480000000000000000000000000000002911202330112023            000000000000000                              000                           
0010001300015T 0601897X0000000092096 24778822230003313   700000000000331330112023000000000084368341000540000003313                0900000000000010100000000000000000000000000000000000000   000000000000000000000000004        170192477882     
0010001300016U 060000000000000000000000000000000000000000000000000000000000000000000000843680000000000843680000000000000000000000000000002911202330112023            000000000000000                              000                           
0010001300017T 0601897X0000000092096 24778822230003367   700000000000336730112023000000000335220389002630000003367                0900000000000010100000000000000000000000000000000000000   000000000000000000000000004        170192477882     
0010001300018U 060000000000000000000000000000000000000000000000000000000000000000000003352200000000003352200000000000000000000000000000002911202330112023            000000000000000                              000                           
0010001300019T 0601897X0000000092096 24778822230003427   700000000000342730112023000000000070264237029350000003427                0900000000000010100000000000000000000000000000000000000   000000000000000000000000004        170192477882     
0010001300020U 060000000000000000000000000000000000000000000000000000000000000000000000702640000000000702640000000000000000000000000000002911202330112023            000000000000000                              000                           
0010001300021T 0601897X0000000092096 24778822230003535   700000000000353530112023000000000264202001033626000003535                0900000000000010090000000000000000000000000000000000000   000000000000000000000000006        170192477882     
0010001300022U 060000000000000000000000000000000000000000000000000000000000000000000002642020000000002642020000000000000000000000000000002911202330112023            000000000000000                              000                           
0010001300023T 0601897X0000000092096 24778822230003631   700000000000363130112023000000000042590033033770000003631                0900000000000010100000000000000000000000000000000000000   000000000000000000000000004        170192477882     
0010001300024U 060000000000000000000000000000000000000000000000000000000000000000000000425900000000000425900000000000000000000000000000002911202330112023            000000000000000                              000                           
0010001300025T 0601897X0000000092096 24778822230003679   700000000000367930112023000000000352243237033710000003679                0900000000000010100000000000000000000000000000000000000   000000000000000000000000004        170192477882     
0010001300026U 060000000000000000000000000000000000000000000000000000000000000000000003522430000000003522430000000000000000000000000000002911202330112023            000000000000000                              000                           
0010001300027T 0601897X0000000092096 24778822230003685   700000000000368530112023000000000101172237002150000003685                0900000000000010100000000000000000000000000000000000000   000000000000000000000000004        170192477882     
0010001300028U 060000000000000000000000000000000000000000000000000000000000000000000001011720000000001011720000000000000000000000000000002911202330112023            000000000000000                              000                           
0010001300029T 0601897X0000000092096 24778822230003775   700000000000377530112023000000000083694341008970000003775                0900000000000010100000000000000000000000000000000000000   000000000000000000000000004        170192477882     
0010001300030U 060000000000000000000000000000000000000000000000000000000000000000000000836940000000000836940000000000000000000000000000002911202330112023            000000000000000                              000                           
0010001300031T 0601897X0000000092096 24778822230003859   700000000000385930112023000000000046164748052490000003859                0900000000000010100000000000000000000000000000000000000   000000000000000000000000004        170192477882     
0010001300032U 060000000000000000000000000000000000000000000000000000000000000000000000461640000000000461640000000000000000000000000000002911202330112023            000000000000000                              000                           
0010001300033T 0601897X0000000092096 24778822230003955   700000000000395530112023000000002490428104029090000003955                0900000000000010100000000000000000000000000000000000000   000000000000000000000000004        170192477882     
0010001300034U 060000000000000000000000000000000000000000000000000000000000000000000024904280000000024904280000000000000000000000000000002911202330112023            000000000000000                              000                           
0010001300035T 0601897X0000000092096 24778822230003985   700000000000398530112023000000000065859341000280000003985                0900000000000010100000000000000000000000000000000000000   000000000000000000000000004        170192477882     
0010001300036U 060000000000000000000000000000000000000000000000000000000000000000000000658590000000000658590000000000000000000000000000002911202330112023            000000000000000                              000                           
0010001300037T 0601897X0000000092096 24778822230004003   700000000000400330112023000000004818236001020125000004003                0900000000000010040000000000000000000000000000000000000   000000000000000000000000034        170192477882     
0010001300038U 060000000000000000000000000000000000000000000000000000000000000000000048182360000000048182360000000000000000000000000000002911202330112023            000000000000000                              000                           
0010001300039T 0601897X0000000092096 24778822230004009   700000000000400930112023000000000058553748054150000004009                0900000000000010100000000000000000000000000000000000000   000000000000000000000000004        170192477882     
0010001300040U 060000000000000000000000000000000000000000000000000000000000000000000000585530000000000585530000000000000000000000000000002911202330112023            000000000000000                              000                           
0010001300041T 0601897X0000000092096 24778822230004015   700000000000401530112023000000001085405104030800000004015                0900000000000010100000000000000000000000000000000000000   000000000000000000000000004        170192477882     
0010001300042U 060000000000000000000000000000000000000000000000000000000000000000000010854050000000010854050000000000000000000000000000002911202330112023            000000000000000                              000                           
0010001300043T 0601897X0000000092096 24778822230004069   700000000000406930112023000000000361125341001100000004069                0900000000000010100000000000000000000000000000000000000   000000000000000000000000004        170192477882     
0010001300044U 060000000000000000000000000000000000000000000000000000000000000000000003611250000000003611250000000000000000000000000000002911202330112023            000000000000000                              000                           
0010001300045T 0601897X0000000092096 24778822230004255   700000000000425530112023000000000022329033002980000004255                0900000000000010100000000000000000000000000000000000000   000000000000000000000000004        170192477882     
0010001300046U 060000000000000000000000000000000000000000000000000000000000000000000000223290000000000223290000000000000000000000000000002911202330112023            000000000000000                              000                           
0010001300047T 0601897X0000000092096 24778822230004273   700000000000427330112023000000000038899033002980000004273                0900000000000010100000000000000000000000000000000000000   000000000000000000000000004        170192477882     
0010001300048U 060000000000000000000000000000000000000000000000000000000000000000000000388990000000000388990000000000000000000000000000002911202330112023            000000000000000                              000                           
0010001300049T 0601897X0000000092096 24778822230004285   700000000000428530112023000000000280172001030708000004285                0900000000000010090000000000000000000000000000000000000   000000000000000000000000006        170192477882     
0010001300050U 060000000000000000000000000000000000000000000000000000000000000000000002801720000000002801720000000000000000000000000000002911202330112023            000000000000000                              000                           
0010001300051T 0601897X0000000092096 24778822230004291   700000000000429130112023000000001075955001030708000004291                0900000000000010090000000000000000000000000000000000000   000000000000000000000000006        170192477882     
0010001300052U 060000000000000000000000000000000000000000000000000000000000000000000010759550000000010759550000000000000000000000000000002911202330112023            000000000000000                              000                           
0010001300053T 0601897X0000000092096 24778822230004303   700000000000430330112023000000002040469001030708000004303                0900000000000010090000000000000000000000000000000000000   000000000000000000000000006        170192477882     
0010001300054U 060000000000000000000000000000000000000000000000000000000000000000000020404690000000020404690000000000000000000000000000002911202330112023            000000000000000                              000                           
0010001300055T 0601897X0000000092096 24778822230004435   700000000000443530112023000000000073706341000300000004435                0900000000000010100000000000000000000000000000000000000   000000000000000000000000004        170192477882     
0010001300056U 060000000000000000000000000000000000000000000000000000000000000000000000737060000000000737060000000000000000000000000000002911202330112023            000000000000000                              000                           
0010001300057T 0601897X0000000092096 24778822230004465   700000000000446530112023000000000023717104003340000004465                0900000000000010100000000000000000000000000000000000000   000000000000000000000000004        170192477882     
0010001300058U 060000000000000000000000000000000000000000000000000000000000000000000000237170000000000237170000000000000000000000000000002911202330112023            000000000000000                              000                           
0010001300059T 0601897X0000000092096 24778822230004489   700000000000448930112023000000000427324033030640000004489                0900000000000010100000000000000000000000000000000000000   000000000000000000000000004        170192477882     
0010001300060U 060000000000000000000000000000000000000000000000000000000000000000000004273240000000004273240000000000000000000000000000002911202330112023            000000000000000                              000                           
0010001300061T 0601897X0000000092096 24778822230004531   700000000000453130112023000000000024315341000540000004531                0900000000000010100000000000000000000000000000000000000   000000000000000000000000004        170192477882     
0010001300062U 060000000000000000000000000000000000000000000000000000000000000000000000243150000000000243150000000000000000000000000000002911202330112023            000000000000000                              000                           
0010001300063T 0601897X0000000092096 24778822230004573   700000000000457330112023000000000051886033022710000004573                0900000000000010100000000000000000000000000000000000000   000000000000000000000000004        170192477882     
0010001300064U 060000000000000000000000000000000000000000000000000000000000000000000000518860000000000518860000000000000000000000000000002911202330112023            000000000000000                              000                           
0010001300065T 0601897X0000000092096 24778822230004711   700000000000471130112023000000001774060341009100000004711                0900000000000010100000000000000000000000000000000000000   000000000000000000000000004        170192477882     
0010001300066U 060000000000000000000000000000000000000000000000000000000000000000000017740600000000017740600000000000000000000000000000002911202330112023            000000000000000                              000                           
0010001300067T 0601897X0000000092096 24778822230004747   700000000000474730112023000000000037683237002140000004747                0900000000000010100000000000000000000000000000000000000   000000000000000000000000004        170192477882     
0010001300068U 060000000000000000000000000000000000000000000000000000000000000000000000376830000000000376830000000000000000000000000000002911202330112023            000000000000000                              000                           
0010001300069T 0601897X0000000092096 24778822230005119   700000000000511930112023000000000074576341000070000005119                0900000000000010100000000000000000000000000000000000000   000000000000000000000000004        170192477882     
0010001300070U 060000000000000000000000000000000000000000000000000000000000000000000000745760000000000745760000000000000000000000000000002911202330112023            000000000000000                              000                           
0010001300071T 0601897X0000000092096 24778822230005491   700000000000549130112023000000000031619104003630000005491                0900000000000010100000000000000000000000000000000000000   000000000000000000000000004        170192477882     
0010001300072U 060000000000000000000000000000000000000000000000000000000000000000000000316190000000000316190000000000000000000000000000002911202330112023            000000000000000                              000                           
0010001300073T 0601897X0000000092096 24778822230005521   700000000000552130112023000000000020021033048780000005521                0900000000000010100000000000000000000000000000000000000   000000000000000000000000004        170192477882     
0010001300074U 060000000000000000000000000000000000000000000000000000000000000000000000200210000000000200210000000000000000000000000000002911202330112023            000000000000000                              000                           
0010001300075T 0601897X0000000092096 24778822230005545   700000000000554530112023000000000031717033003920000005545                0900000000000010100000000000000000000000000000000000000   000000000000000000000000004        170192477882     
0010001300076U 060000000000000000000000000000000000000000000000000000000000000000000000317170000000000317170000000000000000000000000000002911202330112023            000000000000000                              000                           
0010001300077T 0601897X0000000092096 24778822230005815   700000000000581530112023000000012002047104030800000005815                0900000000000010100000000000000000000000000000000000000   000000000000000000000000004        170192477882     
0010001300078U 060000000000000000000000000000000000000000000000000000000000000000000120020470000000120020470000000000000000000000000000002911202330112023            000000000000000                              000                           
0010001300079T 0601897X0000000092096 24778822230005905   700000000000590530112023000000000021804341012920000005905                0900000000000010100000000000000000000000000000000000000   000000000000000000000000004        170192477882     
0010001300080U 060000000000000000000000000000000000000000000000000000000000000000000000218040000000000218040000000000000000000000000000002911202330112023            000000000000000                              000                           
0010001300081T 0601897X0000000092096 24778822230006091   700000000000609130112023000000000047331237004800000006091                0900000000000010100000000000000000000000000000000000000   000000000000000000000000004        170192477882     
0010001300082U 060000000000000000000000000000000000000000000000000000000000000000000000473310000000000473310000000000000000000000000000002911202330112023            000000000000000                              000                           
0010001300083T 0601897X0000000092096 24778822230006127   700000000000612730112023000000000026349341005460000006127                0900000000000010100000000000000000000000000000000000000   000000000000000000000000004        170192477882     
0010001300084U 060000000000000000000000000000000000000000000000000000000000000000000000263490000000000263490000000000000000000000000000002911202330112023            000000000000000                              000                           
0010001300085T 0601897X0000000092096 24778822230006163   700000000000616330112023000000000023266341015860000006163                0900000000000010100000000000000000000000000000000000000   000000000000000000000000004        170192477882     
0010001300086U 060000000000000000000000000000000000000000000000000000000000000000000000232660000000000232660000000000000000000000000000002911202330112023            000000000000000                              000                           
0010001300087T 0601897X0000000092096 24778822230006199   700000000000619930112023000000000146383237003060000006199                0900000000000010100000000000000000000000000000000000000   000000000000000000000000004        170192477882     
0010001300088U 060000000000000000000000000000000000000000000000000000000000000000000001463830000000001463830000000000000000000000000000002911202330112023            000000000000000                              000                           
0010001300089T 0601897X0000000092096 24778822230006295   700000000000629530112023000000000024712033002850000006295                0900000000000010100000000000000000000000000000000000000   000000000000000000000000004        170192477882     
0010001300090U 060000000000000000000000000000000000000000000000000000000000000000000000247120000000000247120000000000000000000000000000002911202330112023            000000000000000                              000                           
0010001300091T 0601897X0000000092096 24778822230006301   700000000000630130112023000000000048795341087450000006301                0900000000000010100000000000000000000000000000000000000   000000000000000000000000004        170192477882     
0010001300092U 060000000000000000000000000000000000000000000000000000000000000000000000487950000000000487950000000000000000000000000000002911202330112023            000000000000000                              000                           
0010001300093T 0601897X0000000092096 24778822230006427   700000000000642730112023000000000021567033002850000006427                0900000000000010100000000000000000000000000000000000000   000000000000000000000000004        170192477882     
0010001300094U 060000000000000000000000000000000000000000000000000000000000000000000000215670000000000215670000000000000000000000000000002911202330112023            000000000000000                              000                           
0010001300095T 0601897X0000000092096 24778822230006475   700000000000647530112023000000000043915237033900000006475                0900000000000010100000000000000000000000000000000000000   000000000000000000000000004        170192477882     
0010001300096U 060000000000000000000000000000000000000000000000000000000000000000000000439150000000000439150000000000000000000000000000002911202330112023            000000000000000                              000                           
0010001300097T 0601897X0000000092096 24778822230006493   700000000000649330112023000000000215671341005600000006493                0900000000000010100000000000000000000000000000000000000   000000000000000000000000004        170192477882     
0010001300098U 060000000000000000000000000000000000000000000000000000000000000000000002156710000000002156710000000000000000000000000000002911202330112023            000000000000000                              000                           
0010001300099T 0601897X0000000092096 24778822230006637   700000000000663730112023000000000028838104011030000006637                0900000000000010100000000000000000000000000000000000000   000000000000000000000000004        170192477882     
0010001300100U 060000000000000000000000000000000000000000000000000000000000000000000000288380000000000288380000000000000000000000000000002911202330112023            000000000000000                              000                           
0010001300101T 0601897X0000000092096 24778822230006649   700000000000664930112023000000000023421033005350000006649                0900000000000010100000000000000000000000000000000000000   000000000000000000000000004        170192477882     
0010001300102U 060000000000000000000000000000000000000000000000000000000000000000000000234210000000000234210000000000000000000000000000002911202330112023            000000000000000                              000                           
0010001300103T 0601897X0000000092096 24778822230006673   700000000000667330112023000000000043915237013400000006673                0900000000000010100000000000000000000000000000000000000   000000000000000000000000004        170192477882     
0010001300104U 060000000000000000000000000000000000000000000000000000000000000000000000439150000000000439150000000000000000000000000000002911202330112023            000000000000000                              000                           
0010001300105T 0601897X0000000092096 24778822230007009   700000000000700930112023000000000038334077000010000007009                0900000000000010100000000000000000000000000000000000000   000000000000000000000000004        170192477882     
0010001300106U 060000000000000000000000000000000000000000000000000000000000000000000000383340000000000383340000000000000000000000000000002911202330112023            000000000000000                              000                           
0010001300107T 0601897X0000000092096 24778822230007051   700000000000705130112023000000000097589237036840000007051                0900000000000010100000000000000000000000000000000000000   000000000000000000000000004        170192477882     
0010001300108U 060000000000000000000000000000000000000000000000000000000000000000000000975890000000000975890000000000000000000000000000002911202330112023            000000000000000                              000                           
0010001300109T 0601897X0000000092096 24778822230007057   700000000000705730112023000000000026075237000010000007057                0900000000000010100000000000000000000000000000000000000   000000000000000000000000004        170192477882     
0010001300110U 060000000000000000000000000000000000000000000000000000000000000000000000260750000000000260750000000000000000000000000000002911202330112023            000000000000000                              000                           
0010001300111T 0601897X0000000092096 24778822230007087   700000000000708730112023000000000128817237014040000007087                0900000000000010100000000000000000000000000000000000000   000000000000000000000000004        170192477882     
0010001300112U 060000000000000000000000000000000000000000000000000000000000000000000001288170000000001288170000000000000000000000000000002911202330112023            000000000000000                              000                           
0010001300113T 0601897X0000000092096 24778822230007153   700000000000715330112023000000000029553509000010000007153                0900000000000010100000000000000000000000000000000000000   000000000000000000000000004        170192477882     
0010001300114U 060000000000000000000000000000000000000000000000000000000000000000000000295530000000000295530000000000000000000000000000002911202330112023            000000000000000                              000                           
0010001300115T 0601897X0000000092096 24778829000007660   7000007660      30112023000000000175017104019370000007660                0900000000000010100000000000000000000000000000000000000   000000000000000000000000004        170192477882     
0010001300116U 060000000000000000000000000000000000000000000000000000000000000000000001750170000000001750170000000000000000000000000000002911202330112023            000000000000000                              000                           
0010001300117T 0601897X0000000092096 24778829000007756   7000007756      30112023000000000037275509000010000007756                0900000000000010100000000000000000000000000000000000000   000000000000000000000000004        170192477882     
0010001300118U 060000000000000000000000000000000000000000000000000000000000000000000000372750000000000372750000000000000000000000000000002911202330112023            000000000000000                              000                           
0010001300119T 0601897X0000000092096 24778829000007768   7000007768      30112023000000000061842341005460000007768                0900000000000010100000000000000000000000000000000000000   000000000000000000000000004        170192477882     
0010001300120U 060000000000000000000000000000000000000000000000000000000000000000000000618420000000000618420000000000000000000000000000002911202330112023            000000000000000                              000                           
0010001300121T 0601897X0000000092096 24778829000007775   7000007775      30112023000000000027098001030813000007775                0900000000000010040000000000000000000000000000000000000   000000000000000000000000034        170192477882     
0010001300122U 060000000000000000000000000000000000000000000000000000000000000000000000270980000000000270980000000000000000000000000000002911202330112023            000000000000000                              000                           
0010001300123T 0601897X0000000092096 24778829000007842   7000007842      30112023000000000044441341000540000007842                0900000000000010100000000000000000000000000000000000000   000000000000000000000000004        170192477882     
0010001300124U 060000000000000000000000000000000000000000000000000000000000000000000000444410000000000444410000000000000000000000000000002911202330112023            000000000000000                              000                           
0010001300125T 0601897X0000000092096 24778829000007847   7000007847      30112023000000000025458033002850000007847                0900000000000010100000000000000000000000000000000000000   000000000000000000000000004        170192477882     
0010001300126U 060000000000000000000000000000000000000000000000000000000000000000000000254580000000000254580000000000000000000000000000002911202330112023            000000000000000                              000                           
0010001300127T 0601897X0000000092096 24778829000007848   7000007848      30112023000000000022219033002850000007848                0900000000000010100000000000000000000000000000000000000   000000000000000000000000004        170192477882     
0010001300128U 060000000000000000000000000000000000000000000000000000000000000000000000222190000000000222190000000000000000000000000000002911202330112023            000000000000000                              000                           
0010001300129T 0601897X0000000092096 24778829000007857   7000007857      30112023000000000038195033047700000007857                0900000000000010100000000000000000000000000000000000000   000000000000000000000000004        170192477882     
0010001300130U 060000000000000000000000000000000000000000000000000000000000000000000000381950000000000381950000000000000000000000000000002911202330112023            000000000000000                              000                           
0010001300131T 0601897X0000000092096 24778829000007860   7000007860      30112023000000000032163237033710000007860                0900000000000010100000000000000000000000000000000000000   000000000000000000000000004        170192477882     
0010001300132U 060000000000000000000000000000000000000000000000000000000000000000000000321630000000000321630000000000000000000000000000002911202330112023            000000000000000                              000                           
00100015         000134001526000000005949194560000000000000000000000000000000000000000000000000000000000000000000000000000000000000000000000000000                                                                                              
00199999         000001000136000000                                                                                                                                                            00000000000000000000000000000                    
