00100000         2115139610001160024778820014       01897X0000000092096 FUNDACAO AGENCIA DAS BACIAS HIBANCO DO BRASIL                         22612202302502400546303000000829973081PROCESSAMEN                                                 
00100011T0100020 20115139610001160024778820014       01897X0000000092096 FUNDACAO AGENCIA DAS BACIAS HI                                                                                000000002612202300000000  000000000                      
0010001300001T 0201897X0000000092096 24778829000007989   7000007989      28122023000000001686611001000531000007989                0900000000000010000000000000000000000000000000000000000   0000000000000000000000496A9        170192477882     
0010001300002U 020000000000000000000000000000000000000000000000000000000000000000000000000000000000000000000000000000000000000000000000002612202300000000            000000000000000                              000                           
0010001300003T 0601897X0000000092096 24778822230002918   700000000000291822122023000000000048795341081690000002918                0900000000000010100000000000000000000000000000000000000   000000000000000000000000004        170192477882     
0010001300004U 060000000000010400000000000000000000000000000000000000000000000000000000498350000000000498350000000000000000000000000000002612202327122023            000000000000000                              000                           
0010001300005T 0601897X0000000092096 24778822230003320   700000000000332022122023000000000096268756013490000003320                0900000000000010100000000000000000000000000000000000000   000000000000000000000000004        170192477882     
0010001300006U 060000000000020530000000000000000000000000000000000000000000000000000000983210000000000983210000000000000000000000000000002612202327122023            000000000000000                              000                           
0010001300007T 0601897X0000000092096 24778822230004370   700000000000437022122023000000000648043237018410000004370                0900000000000010100000000000000000000000000000000000000   000000000000000000000000004        170192477882     
0010001300008U 060000000000138230000000000000000000000000000000000000000000000000000006618660000000006618660000000000000000000000000000002612202327122023            000000000000000                              000                           
0010001300009T 0601897X0000000092096 24778822230004826   700000000000482622122023000000000053145341085070000004826                0900000000000010100000000000000000000000000000000000000   000000000000000000000000004        170192477882     
0010001300010U 060000000000011320000000000000000000000000000000000000000000000000000000542770000000000542770000000000000000000000000000002612202327122023            000000000000000                              000                           
0010001300011T 0601897X0000000092096 24778822230004868   700000000000486822122023000000000023660341064580000004868                0900000000000010100000000000000000000000000000000000000   000000000000000000000000004        170192477882     
0010001300012U 060000000000005040000000000000000000000000000000000000000000000000000000241640000000000241640000000000000000000000000000002612202327122023            000000000000000                              000                           
0010001300013T 0601897X0000000092096 24778822230005906   700000000000590622122023000000000021804341012920000005906                0900000000000010100000000000000000000000000000000000000   000000000000000000000000004        170192477882     
0010001300014U 060000000000004650000000000000000000000000000000000000000000000000000000222690000000000222690000000000000000000000000000002612202327122023            000000000000000                              000                           
0010001300015T 0601897X0000000092096 24778822230006164   700000000000616422122023000000000023266341015860000006164                0900000000000010100000000000000000000000000000000000000   000000000000000000000000004        170192477882     
0010001300016U 060000000000004960000000000000000000000000000000000000000000000000000000237620000000000237620000000000000000000000000000002612202327122023            000000000000000                              000                           
0010001300017T 0601897X0000000092096 24778822230006212   700000000000621222122023000000000069752033032460000006212                0900000000000010100000000000000000000000000000000000000   000000000000000000000000004        170192477882     
0010001300018U 060000000000014880000000000000000000000000000000000000000000000000000000712400000000000712400000000000000000000000000000002612202327122023            000000000000000                              000                           
0010001300019T 0601897X0000000092096 24778822230006362   70000000000063622612202300000000005011200101897X000006362                0900000000000010090000000000000000000000000000000000000   000000000000000000000000006        170192477882     
0010001300020U 060000000000000000000000000000000000000000000000000000000000000000000000501120000000000501120000000000000000000000000000002612202327122023            000000000000000                              000                           
0010001300021T 0601897X0000000092096 24778829000007863   7000007863      22122023000000000047630001045640000007863                0900000000000010060000000000000000000000000000000000000   000000000000000000000000033        170192477882     
0010001300022U 060000000000010150000000000000000000000000000000000000000000000000000000486450000000000486450000000000000000000000000000002612202327122023            000000000000000                              000                           
0010001300023T 0601897X0000000092096 24778829000007913   7000007913      22122023000000000026258341064720000007913                0900000000000010100000000000000000000000000000000000000   000000000000000000000000004        170192477882     
0010001300024U 060000000000005600000000000000000000000000000000000000000000000000000000268180000000000268180000000000000000000000000000002612202327122023            000000000000000                              000                           
0010001300025T 0901897X0000000092096 24778829000007851   7000007851      30112023000000000039501001003190000007851                0900000000000000000000000000000000000000000000000000000   000000000000000000000037210        170192477882     
0010001300026U 090000000000000000000000000000000000000000000000000000000000000000000000000000000000000000000000000000000000000000000000002612202300000000            000000000000000                              000                           
0010001300027T 0901897X0000000092096 24778829000007853   7000007853      30112023000000000037187001043036000007853                0900000000000000000000000000000000000000000000000000000   000000000000000000000037210        170192477882     
0010001300028U 090000000000000000000000000000000000000000000000000000000000000000000000000000000000000000000000000000000000000000000000002612202300000000            000000000000000                              000                           
0010001300029T 0901897X0000000092096 24778829000007855   7000007855      30112023000000000036635001069833000007855                0900000000000000000000000000000000000000000000000000000   000000000000000000000037210        170192477882     
0010001300030U 090000000000000000000000000000000000000000000000000000000000000000000000000000000000000000000000000000000000000000000000002612202300000000            000000000000000                              000                           
0010001300031T 0901897X0000000092096 24778829000007870   7000007870      3011202300000000003629200101849X000007870                0900000000000000000000000000000000000000000000000000000   000000000000000000000037210        170192477882     
0010001300032U 090000000000000000000000000000000000000000000000000000000000000000000000000000000000000000000000000000000000000000000000002612202300000000            000000000000000                              000                           
0010001300033T 1401897X0000000092096 24778822230006362   70000000000063622612202300000000005011200100216X000006362                0900000000000000000000000000000000000000000000000000000   000000000000000000000000000        170192477882     
0010001300034U 140000000000000000000000000000000000000000000000000000000000000000000000000000000000000000000000000000000000000000000000002612202300000000            000000000000000                              000                           
00100015         000036000279000000002374580660000000000000000000000000000000000000000000000000000000000000000000000000000000000000000000000000000                                                                                              
00199999         000001000038000000                                                                                                                                                            00000000000000000000000000000                    
