00100000         2115139610001160024778820014       01897X0000000092096 FUNDACAO AGENCIA DAS BACIAS HIBANCO DO BRASIL                         20712202301091100543903000000829973081PROCESSAMEN                                                 
00100011T0100020 20115139610001160024778820014       01897X0000000092096 FUNDACAO AGENCIA DAS BACIAS HI                                                                                000000000712202300000000  000000000                      
0010001300001T 0201897X0000000092096 24778829000007931   7000007931      2212202300000000001349700101849X000007931                0900000000000010500000000000000000000000000000000000000   0000000000000000000000480A9A4      170192477882     
0010001300002U 020000000000000000000000000000000000000000000000000000000000000000000000000000000000000000000000000000000000000000000000000712202300000000            000000000000000                              000                           
0010001300003T 0201897X0000000092096 24778829000007932   7000007932      29122023000000000024605001001724000007932                0900000000000010000000000000000000000000000000000000000   0000000000000000000000480A9        170192477882     
0010001300004U 020000000000000000000000000000000000000000000000000000000000000000000000000000000000000000000000000000000000000000000000000712202300000000            000000000000000                              000                           
0010001300005T 0201897X0000000092096 24778829000007933   7000007933      29122023000000000025023001000566000007933                0900000000000010500000000000000000000000000000000000000   0000000000000000000000480A9A4      170192477882     
0010001300006U 020000000000000000000000000000000000000000000000000000000000000000000000000000000000000000000000000000000000000000000000000712202300000000            000000000000000                              000                           
0010001300007T 0201897X0000000092096 24778829000007934   7000007934      29122023000000000025023001009903000007934                0900000000000010000000000000000000000000000000000000000   0000000000000000000000480A9        170192477882     
0010001300008U 020000000000000000000000000000000000000000000000000000000000000000000000000000000000000000000000000000000000000000000000000712202300000000            000000000000000                              000                           
0010001300009T 0601897X0000000092096 24778822230002810   700000000000281022122023000000000020103341005620000002810                0900000000000010100000000000000000000000000000000000000   000000000000000000000000004        170192477882     
0010001300010U 060000000000000000000000000000000000000000000000000000000000000000000000201030000000000201030000000000000000000000000000000712202308122023            000000000000000                              000                           
0010001300011T 0601897X0000000092096 24778822230003098   700000000000309822122023000000000071492033020170000003098                0900000000000010100000000000000000000000000000000000000   000000000000000000000000004        170192477882     
0010001300012U 060000000000000000000000000000000000000000000000000000000000000000000000714920000000000714920000000000000000000000000000000712202308122023            000000000000000                              000                           
0010001300013T 0601897X0000000092096 24778822230006458   700000000000645822122023000000000037538341081470000006458                0900000000000010100000000000000000000000000000000000000   000000000000000000000000004        170192477882     
0010001300014U 060000000000000000000000000000000000000000000000000000000000000000000000375380000000000375380000000000000000000000000000000712202308122023            000000000000000                              000                           
0010001300015T 0601897X0000000092096 24778822230006560   700000000000656022122023000000000024330341004450000006560                0900000000000010100000000000000000000000000000000000000   000000000000000000000000004        170192477882     
0010001300016U 060000000000000000000000000000000000000000000000000000000000000000000000243300000000000243300000000000000000000000000000000712202308122023            000000000000000                              000                           
0010001300017T 0601897X0000000092096 24778829000007875   7000007875      22122023000000000032224341002510000007875                0900000000000010100000000000000000000000000000000000000   000000000000000000000000004        170192477882     
0010001300018U 060000000000000000000000000000000000000000000000000000000000000000000000322240000000000322240000000000000000000000000000000712202308122023            000000000000000                              000                           
0010001300019T 0601897X0000000092096 24778829000007914   7000007914      22122023000000000026274487000010000007914                0900000000000010100000000000000000000000000000000000000   000000000000000000000000004        170192477882     
0010001300020U 060000000000000000000000000000000000000000000000000000000000000000000000262740000000000262740000000000000000000000000000000712202308122023            000000000000000                              000                           
0010001300021T 1401897X0000000092096 24778829000007916   7000007916      2212202300000000002958200101849X000007916                0900000000000000000000000000000000000000000000000000000   000000000000000000000000000        170192477882     
0010001300022U 140000000000000000000000000000000000000000000000000000000000000000000000000000000000000000000000000000000000000000000000000712202300000000            000000000000000                              000                           
0010001300023T 1401897X0000000092096 24778829000007917   7000007917      22122023000000000025109001004561000007917                0900000000000000000000000000000000000000000000000000000   000000000000000000000000000        170192477882     
0010001300024U 140000000000000000000000000000000000000000000000000000000000000000000000000000000000000000000000000000000000000000000000000712202300000000            000000000000000                              000                           
0010001300025T 1401897X0000000092096 24778829000007918   7000007918      22122023000000000026274001009946000007918                0900000000000000000000000000000000000000000000000000000   000000000000000000000000000        170192477882     
0010001300026U 140000000000000000000000000000000000000000000000000000000000000000000000000000000000000000000000000000000000000000000000000712202300000000            000000000000000                              000                           
0010001300027T 1401897X0000000092096 24778829000007919   7000007919      22122023000000000026397001009946000007919                0900000000000000000000000000000000000000000000000000000   000000000000000000000000000        170192477882     
0010001300028U 140000000000000000000000000000000000000000000000000000000000000000000000000000000000000000000000000000000000000000000000000712202300000000            000000000000000                              000                           
0010001300029T 1401897X0000000092096 24778829000007920   7000007920      22122023000000000029645001009946000007920                0900000000000000000000000000000000000000000000000000000   000000000000000000000000000        170192477882     
0010001300030U 140000000000000000000000000000000000000000000000000000000000000000000000000000000000000000000000000000000000000000000000000712202300000000            000000000000000                              000                           
0010001300031T 1401897X0000000092096 24778829000007921   7000007921      22122023000000000191290001004561000007921                0900000000000000000000000000000000000000000000000000000   000000000000000000000000000        170192477882     
0010001300032U 140000000000000000000000000000000000000000000000000000000000000000000000000000000000000000000000000000000000000000000000000712202300000000            000000000000000                              000                           
00100015         000034000873000000005020596160000000000000000000000000000000000000000000000000000000000000000000000000000000000000000000000000000                                                                                              
00199999         000001000036000000                                                                                                                                                            00000000000000000000000000000                    
