00100000         2115139610001160024778820014       01897X0000000092096 FUNDACAO AGENCIA DAS BACIAS HIBANCO DO BRASIL                         22311202302034400541903000000829973081PROCESSAMEN                                                 
00100011T0100020 20115139610001160024778820014       01897X0000000092096 FUNDACAO AGENCIA DAS BACIAS HI                                                                                000000002311202300000000  000000000                      
0010001300001T 0201897X0000000092096 24778829000007854   7000007854      30112023000000000039843001008117000007854                0900000000000010500000000000000000000000000000000000000   0000000000000000000000480A9A4      170192477882     
0010001300002U 020000000000000000000000000000000000000000000000000000000000000000000000000000000000000000000000000000000000000000000000002311202300000000            000000000000000                              000                           
0010001300003T 0201897X0000000092096 24778829000007855   7000007855      30112023000000000036635001069833000007855                0900000000000010000000000000000000000000000000000000000   0000000000000000000000480A9        170192477882     
0010001300004U 020000000000000000000000000000000000000000000000000000000000000000000000000000000000000000000000000000000000000000000000002311202300000000            000000000000000                              000                           
0010001300005T 0201897X0000000092096 24778829000007856   7000007856      30112023000000000032675001001678000007856                0900000000000010000000000000000000000000000000000000000   0000000000000000000000480A9        170192477882     
0010001300006U 020000000000000000000000000000000000000000000000000000000000000000000000000000000000000000000000000000000000000000000000002311202300000000            000000000000000                              000                           
0010001300007T 0201897X0000000092096 24778829000007857   7000007857      30112023000000000038195001045888000007857                0900000000000010000000000000000000000000000000000000000   0000000000000000000000480A9        170192477882     
0010001300008U 020000000000000000000000000000000000000000000000000000000000000000000000000000000000000000000000000000000000000000000000002311202300000000            000000000000000                              000                           
0010001300009T 0201897X0000000092096 24778829000007858   7000007858      30112023000000000034034001000566000007858                0900000000000010500000000000000000000000000000000000000   0000000000000000000000480A9A4      170192477882     
0010001300010U 020000000000000000000000000000000000000000000000000000000000000000000000000000000000000000000000000000000000000000000000002311202300000000            000000000000000                              000                           
0010001300011T 0201897X0000000092096 24778829000007859   7000007859      22122023000000000063537001001724000007859                0900000000000010000000000000000000000000000000000000000   0000000000000000000000480A9        170192477882     
0010001300012U 020000000000000000000000000000000000000000000000000000000000000000000000000000000000000000000000000000000000000000000000002311202300000000            000000000000000                              000                           
0010001300013T 0201897X0000000092096 24778829000007860   7000007860      3011202300000000003216300101849X000007860                0900000000000010500000000000000000000000000000000000000   0000000000000000000000480A9A4      170192477882     
0010001300014U 020000000000000000000000000000000000000000000000000000000000000000000000000000000000000000000000000000000000000000000000002311202300000000            000000000000000                              000                           
0010001300015T 0601897X0000000092096 24778822230003451   700000000000345130112023000000000066829341011750000003451                0900000000000010100000000000000000000000000000000000000   000000000000000000000000004        170192477882     
0010001300016U 060000000000000000000000000000000000000000000000000000000000000000000000668290000000000668290000000000000000000000000000002311202324112023            000000000000000                              000                           
0010001300017T 0601897X0000000092096 24778822230004591   700000000000459130112023000000000074765237072160000004591                0900000000000010100000000000000000000000000000000000000   000000000000000000000000004        170192477882     
0010001300018U 060000000000000000000000000000000000000000000000000000000000000000000000747650000000000747650000000000000000000000000000002311202324112023            000000000000000                              000                           
0010001300019T 0601897X0000000092096 24778822230004987   700000000000498730112023000000000053343341000280000004987                0900000000000010100000000000000000000000000000000000000   000000000000000000000000004        170192477882     
0010001300020U 060000000000000000000000000000000000000000000000000000000000000000000000533430000000000533430000000000000000000000000000002311202324112023            000000000000000                              000                           
0010001300021T 0601897X0000000092096 24778822230005095   700000000000509530112023000000000048672104039660000005095                0900000000000010100000000000000000000000000000000000000   000000000000000000000000004        170192477882     
0010001300022U 060000000000000000000000000000000000000000000000000000000000000000000000486720000000000486720000000000000000000000000000002311202324112023            000000000000000                              000                           
0010001300023T 0601897X0000000092096 24778822230006067   700000000000606730112023000000000039035274000010000006067                0900000000000010100000000000000000000000000000000000000   000000000000000000000000004        170192477882     
0010001300024U 060000000000000000000000000000000000000000000000000000000000000000000000390350000000000390350000000000000000000000000000002311202324112023            000000000000000                              000                           
0010001300025T 0601897X0000000092096 24778822230006175   700000000000617530112023000000000043915341008970000006175                0900000000000010100000000000000000000000000000000000000   000000000000000000000000004        170192477882     
0010001300026U 060000000000000000000000000000000000000000000000000000000000000000000000439150000000000439150000000000000000000000000000002311202324112023            000000000000000                              000                           
0010001300027T 0601897X0000000092096 24778822230006907   700000000000690730112023000000000023975756072790000006907                0900000000000010100000000000000000000000000000000000000   000000000000000000000000004        170192477882     
0010001300028U 060000000000000000000000000000000000000000000000000000000000000000000000239750000000000239750000000000000000000000000000002311202324112023            000000000000000                              000                           
0010001300029T 0601897X0000000092096 24778822230007165   700000000000716530112023000000000032284341064170000007165                0900000000000010100000000000000000000000000000000000000   000000000000000000000000004        170192477882     
0010001300030U 060000000000000000000000000000000000000000000000000000000000000000000000322840000000000322840000000000000000000000000000002311202324112023            000000000000000                              000                           
0010001300031T 0601897X0000000092096 24778822230007177   700000000000717730112023000000000048795237013400000007177                0900000000000010100000000000000000000000000000000000000   000000000000000000000000004        170192477882     
0010001300032U 060000000000000000000000000000000000000000000000000000000000000000000000487950000000000487950000000000000000000000000000002311202324112023            000000000000000                              000                           
0010001300033T 0601897X0000000092096 24778829000007752   7000007752      30112023000000000072857104002780000007752                0900000000000010100000000000000000000000000000000000000   000000000000000000000000004        170192477882     
0010001300034U 060000000000000000000000000000000000000000000000000000000000000000000000728570000000000728570000000000000000000000000000002311202324112023            000000000000000                              000                           
0010001300035T 0601897X0000000092096 24778829000007780   7000007780      30112023000000000124944341079920000007780                0900000000000010100000000000000000000000000000000000000   000000000000000000000000004        170192477882     
0010001300036U 060000000000000000000000000000000000000000000000000000000000000000000001249440000000001249440000000000000000000000000000002311202324112023            000000000000000                              000                           
00100015         000038001680000000006429628860000000000000000000000000000000000000000000000000000000000000000000000000000000000000000000000000000                                                                                              
00199999         000001000040000000                                                                                                                                                            00000000000000000000000000000                    
