00100000         2115139610001160024778820014       01897X0000000092096 FUNDACAO AGENCIA DAS BACIAS HIBANCO DO BRASIL                         22712202301251100546503000000829973081PROCESSAMEN                                                 
00100011T0100020 20115139610001160024778820014       01897X0000000092096 FUNDACAO AGENCIA DAS BACIAS HI                                                                                000000002712202300000000  000000000                      
0010001300001T 0601897X0000000092096 24778822230004820   700000000000482022122023000000000281544104033180000004820                0900000000000010100000000000000000000000000000000000000   000000000000000000000000004        170192477882     
0010001300002U 060000000000060990000000000000000000000000000000000000000000000000000002876430000000002876430000000000000000000000000000002712202328122023            000000000000000                              000                           
0010001300003T 0601897X0000000092096 24778822230006974   700000000000697422122023000000000048112748052550000006974                0900000000000010100000000000000000000000000000000000000   000000000000000000000000004        170192477882     
0010001300004U 060000000000010420000000000000000000000000000000000000000000000000000000491540000000000491540000000000000000000000000000002712202328122023            000000000000000                              000                           
0010001300005T 0601897X0000000092096 24778829000007988   7000007988      29122023000000000044411341040090000007988                0900000000000010100000000000000000000000000000000000000   000000000000000000000000004        170192477882     
0010001300006U 060000000000000000000000000000000000000000000000000000000000000000000000444110000000000444110000000000000000000000000000002712202328122023            000000000000000                              000                           
00100015         000008000276000000002370839990000000000000000000000000000000000000000000000000000000000000000000000000000000000000000000000000000                                                                                              
00199999         000001000010000000                                                                                                                                                            00000000000000000000000000000                    
