00100000         2115139610001160024778820014       01897X0000000092096 FUNDACAO AGENCIA DAS BACIAS HIBANCO DO BRASIL                         20811202301221500539903000000829973081PROCESSAMEN                                                 
00100011T0100020 20115139610001160024778820014       01897X0000000092096 FUNDACAO AGENCIA DAS BACIAS HI                                                                                000000000811202300000000  000000000                      
0010001300001T 0201897X0000000092096 24778829000007810   7000007810      30112023000000000075664001026565000007810                0900000000000010500000000000000000000000000000000000000   0000000000000000000000480A9A4      170192477882     
0010001300002U 020000000000000000000000000000000000000000000000000000000000000000000000000000000000000000000000000000000000000000000000000811202300000000            000000000000000                              000                           
0010001300003T 0201897X0000000092096 24778829000007811   7000007811      30112023000000000065509001009946000007811                0900000000000010500000000000000000000000000000000000000   0000000000000000000000480A9A4      170192477882     
0010001300004U 020000000000000000000000000000000000000000000000000000000000000000000000000000000000000000000000000000000000000000000000000811202300000000            000000000000000                              000                           
0010001300005T 0601897X0000000092096 24778822230006073   700000000000607330112023000000000021958341001360000006073                0900000000000010100000000000000000000000000000000000000   000000000000000000000000004        170192477882     
0010001300006U 060000000000000000000000000000000000000000000000000000000000000000000000219580000000000219580000000000000000000000000000000811202309112023            000000000000000                              000                           
0010001300007T 0601897X0000000092096 24778829000007776   7000007776      30112023000000000065112756080560000007776                0900000000000010100000000000000000000000000000000000000   000000000000000000000000004        170192477882     
0010001300008U 060000000000000000000000000000000000000000000000000000000000000000000000651120000000000651120000000000000000000000000000000811202309112023            000000000000000                              000                           
0010001300009T 0601897X0000000092096 24778829000007809   7000007809      30112023000000000096441341009120000007809                0900000000000010100000000000000000000000000000000000000   000000000000000000000000004        170192477882     
0010001300010U 060000000000000000000000000000000000000000000000000000000000000000000000964410000000000964410000000000000000000000000000000811202309112023            000000000000000                              000                           
00100015         000012001712000000006471221880000000000000000000000000000000000000000000000000000000000000000000000000000000000000000000000000000                                                                                              
00199999         000001000014000000                                                                                                                                                            00000000000000000000000000000                    
