00100000         2115139610001160024778820014       01897X0000000092096 FUNDACAO AGENCIA DAS BACIAS HIBANCO DO BRASIL                         20112202301385300543103000000829973081PROCESSAMEN                                                 
00100011T0100020 20115139610001160024778820014       01897X0000000092096 FUNDACAO AGENCIA DAS BACIAS HI                                                                                000000000112202300000000  000000000                      
0010001300001T 0601897X0000000092096 24778822230002677   700000000000267730112023000000000022836001007994000002677                0900000000000010040000000000000000000000000000000000000   000000000000000000000000034        170192477882     
0010001300002U 060000000000004630000000000000000000000000000000000000000000000000000000232990000000000232990000000000000000000000000000000112202304122023            000000000000000                              000                           
0010001300003T 0601897X0000000092096 24778822230002887   700000000000288730112023000000000025734341002800000002887                0900000000000010100000000000000000000000000000000000000   000000000000000000000000004        170192477882     
0010001300004U 060000000000005220000000000000000000000000000000000000000000000000000000262560000000000262560000000000000000000000000000000112202304122023            000000000000000                              000                           
0010001300005T 0601897X0000000092096 24778822230003319   700000000000331930112023000000000096268756013490000003319                0900000000000010100000000000000000000000000000000000000   000000000000000000000000004        170192477882     
0010001300006U 060000000000019570000000000000000000000000000000000000000000000000000000982250000000000982250000000000000000000000000000000112202304122023            000000000000000                              000                           
0010001300007T 0601897X0000000092096 24778822230003439   700000000000343930112023000000002723428341000080000003439                0900000000000010100000000000000000000000000000000000000   000000000000000000000000004        170192477882     
0010001300008U 060000000000000000000000000000000000000000000000000000000000000000000027234280000000027234280000000000000000000000000000000112202304122023            000000000000000                              000                           
0010001300009T 0601897X0000000092096 24778822230003847   700000000000384730112023000000004569621001009741000003847                0900000000000010040000000000000000000000000000000000000   000000000000000000000000034        170192477882     
0010001300010U 060000000000929130000000000000000000000000000000000000000000000000000046625340000000046625340000000000000000000000000000000112202304122023            000000000000000                              000                           
0010001300011T 0601897X0000000092096 24778822230004682   700000000000468222122023000000000023989341009100000004682                0900000000000010100000000000000000000000000000000000000   000000000000000000000000004        170192477882     
0010001300012U 060000000000000000000000000000000000000000000000000000000000000000000000239890000000000239890000000000000000000000000000000112202304122023            000000000000000                              000                           
0010001300013T 0601897X0000000092096 24778822230006026   700000000000602622122023000000000264265237001510000006026                0900000000000010100000000000000000000000000000000000000   000000000000000000000000004        170192477882     
0010001300014U 060000000000000000000000000000000000000000000000000000000000000000000002642650000000002642650000000000000000000000000000000112202304122023            000000000000000                              000                           
0010001300015T 0601897X0000000092096 24778822230007142   700000000000714222122023000000000034156509000010000007142                0900000000000010100000000000000000000000000000000000000   000000000000000000000000004        170192477882     
0010001300016U 060000000000000000000000000000000000000000000000000000000000000000000000341560000000000341560000000000000000000000000000000112202304122023            000000000000000                              000                           
0010001300017T 0601897X0000000092096 24778829000007830   7000007830      30112023000000000090098033005350000007830                0900000000000010100000000000000000000000000000000000000   000000000000000000000000004        170192477882     
0010001300018U 060000000000018310000000000000000000000000000000000000000000000000000000919290000000000919290000000000000000000000000000000112202304122023            000000000000000                              000                           
00100015         000020001019000000003395706120000000000000000000000000000000000000000000000000000000000000000000000000000000000000000000000000000                                                                                              
00199999         000001000022000000                                                                                                                                                            00000000000000000000000000000                    
