00100000         2115139610001160024778820014       01897X0000000092096 FUNDACAO AGENCIA DAS BACIAS HIBANCO DO BRASIL                         21411202301230700540703000000829973081PROCESSAMEN                                                 
00100011T0100020 20115139610001160024778820014       01897X0000000092096 FUNDACAO AGENCIA DAS BACIAS HI                                                                                000000001411202300000000  000000000                      
0010001300001T 0201897X0000000092096 24778829000007823   7000007823      30112023000000000231153001003409000007823                0900000000000010500000000000000000000000000000000000000   0000000000000000000000480A9A4      170192477882     
0010001300002U 020000000000000000000000000000000000000000000000000000000000000000000000000000000000000000000000000000000000000000000000001411202300000000            000000000000000                              000                           
0010001300003T 0201897X0000000092096 24778829000007824   7000007824      30112023000000000083051001008117000007824                0900000000000010000000000000000000000000000000000000000   0000000000000000000000480A9        170192477882     
0010001300004U 020000000000000000000000000000000000000000000000000000000000000000000000000000000000000000000000000000000000000000000000001411202300000000            000000000000000                              000                           
0010001300005T 0201897X0000000092096 24778829000007825   7000007825      30112023000000000047596001000566000007825                0900000000000010000000000000000000000000000000000000000   0000000000000000000000480A9        170192477882     
0010001300006U 020000000000000000000000000000000000000000000000000000000000000000000000000000000000000000000000000000000000000000000000001411202300000000            000000000000000                              000                           
0010001300007T 0201897X0000000092096 24778829000007826   7000007826      3011202300000000006636100101849X000007826                0900000000000010500000000000000000000000000000000000000   0000000000000000000000480A9A4      170192477882     
0010001300008U 020000000000000000000000000000000000000000000000000000000000000000000000000000000000000000000000000000000000000000000000001411202300000000            000000000000000                              000                           
0010001300009T 0201897X0000000092096 24778829000007827   7000007827      30112023000000000046379001003409000007827                0900000000000010000000000000000000000000000000000000000   0000000000000000000000480A9        170192477882     
0010001300010U 020000000000000000000000000000000000000000000000000000000000000000000000000000000000000000000000000000000000000000000000001411202300000000            000000000000000                              000                           
0010001300011T 0201897X0000000092096 24778829000007828   7000007828      30112023000000000046422001007994000007828                0900000000000010500000000000000000000000000000000000000   0000000000000000000000480A9A4      170192477882     
0010001300012U 020000000000000000000000000000000000000000000000000000000000000000000000000000000000000000000000000000000000000000000000001411202300000000            000000000000000                              000                           
0010001300013T 0201897X0000000092096 24778829000007829   7000007829      3011202300000000002687800101849X000007829                0900000000000010000000000000000000000000000000000000000   0000000000000000000000480A9        170192477882     
0010001300014U 020000000000000000000000000000000000000000000000000000000000000000000000000000000000000000000000000000000000000000000000001411202300000000            000000000000000                              000                           
0010001300015T 0201897X0000000092096 24778829000007830   7000007830      30112023000000000090098001003409000007830                0900000000000010000000000000000000000000000000000000000   0000000000000000000000480A9        170192477882     
0010001300016U 020000000000000000000000000000000000000000000000000000000000000000000000000000000000000000000000000000000000000000000000001411202300000000            000000000000000                              000                           
0010001300017T 0201897X0000000092096 24778829000007831   7000007831      30112023000000000086005001001678000007831                0900000000000010500000000000000000000000000000000000000   0000000000000000000000480A9A4      170192477882     
0010001300018U 020000000000000000000000000000000000000000000000000000000000000000000000000000000000000000000000000000000000000000000000001411202300000000            000000000000000                              000                           
0010001300019T 0201897X0000000092096 24778829000007832   7000007832      30112023000000000085288001001678000007832                0900000000000010500000000000000000000000000000000000000   0000000000000000000000480A9A4      170192477882     
0010001300020U 020000000000000000000000000000000000000000000000000000000000000000000000000000000000000000000000000000000000000000000000001411202300000000            000000000000000                              000                           
0010001300021T 0201897X0000000092096 24778829000007833   7000007833      30112023000000000084577001024538000007833                0900000000000010000000000000000000000000000000000000000   0000000000000000000000480A9        170192477882     
0010001300022U 020000000000000000000000000000000000000000000000000000000000000000000000000000000000000000000000000000000000000000000000001411202300000000            000000000000000                              000                           
0010001300023T 0201897X0000000092096 24778829000007834   7000007834      30112023000000000063336001009296000007834                0900000000000010500000000000000000000000000000000000000   0000000000000000000000480A9A4      170192477882     
0010001300024U 020000000000000000000000000000000000000000000000000000000000000000000000000000000000000000000000000000000000000000000000001411202300000000            000000000000000                              000                           
0010001300025T 0201897X0000000092096 24778829000007835   7000007835      30112023000000000063500001009903000007835                0900000000000010000000000000000000000000000000000000000   0000000000000000000000480A9        170192477882     
0010001300026U 020000000000000000000000000000000000000000000000000000000000000000000000000000000000000000000000000000000000000000000000001411202300000000            000000000000000                              000                           
0010001300027T 0601897X0000000092096 24778822230002863   700000000000286330112023000000000032952341009100000002863                0900000000000010100000000000000000000000000000000000000   000000000000000000000000004        170192477882     
0010001300028U 060000000000000000000000000000000000000000000000000000000000000000000000329520000000000329520000000000000000000000000000001411202316112023            000000000000000                              000                           
0010001300029T 0601897X0000000092096 24778822230003674   700000000000367422122023000000000597203237007090000003674                0900000000000010100000000000000000000000000000000000000   000000000000000000000000004        170192477882     
0010001300030U 060000000000000000000000000000000000000000000000000000000000000000000005972030000000005972030000000000000000000000000000001411202316112023            000000000000000                              000                           
0010001300031T 0601897X0000000092096 24778822230005665   700000000000566530112023000000000071456341009420000005665                0900000000000010100000000000000000000000000000000000000   000000000000000000000000004        170192477882     
0010001300032U 060000000000000000000000000000000000000000000000000000000000000000000000714560000000000714560000000000000000000000000000001411202316112023            000000000000000                              000                           
0010001300033T 0601897X0000000092096 24778822230006037   700000000000603730112023000000000033761341088490000006037                0900000000000010100000000000000000000000000000000000000   000000000000000000000000004        170192477882     
0010001300034U 060000000000000000000000000000000000000000000000000000000000000000000000337610000000000337610000000000000000000000000000001411202316112023            000000000000000                              000                           
0010001300035T 0601897X0000000092096 24778822230006499   700000000000649930112023000000000029277033000900000006499                0900000000000010100000000000000000000000000000000000000   000000000000000000000000004        170192477882     
0010001300036U 060000000000000000000000000000000000000000000000000000000000000000000000292770000000000292770000000000000000000000000000001411202316112023            000000000000000                              000                           
0010001300037T 0601897X0000000092096 24778822230006625   700000000000662530112023000000000053918341009100000006625                0900000000000010100000000000000000000000000000000000000   000000000000000000000000004        170192477882     
0010001300038U 060000000000000000000000000000000000000000000000000000000000000000000000539180000000000539180000000000000000000000000000001411202316112023            000000000000000                              000                           
0010001300039T 0601897X0000000092096 24778822230006763   700000000000676330112023000000000043874104030800000006763                0900000000000010100000000000000000000000000000000000000   000000000000000000000000004        170192477882     
0010001300040U 060000000000000000000000000000000000000000000000000000000000000000000000438740000000000438740000000000000000000000000000001411202316112023            000000000000000                              000                           
0010001300041T 0601897X0000000092096 24778822230007045   700000000000704530112023000000000053918341009100000007045                0900000000000010100000000000000000000000000000000000000   000000000000000000000000004        170192477882     
0010001300042U 060000000000000000000000000000000000000000000000000000000000000000000000539180000000000539180000000000000000000000000000001411202316112023            000000000000000                              000                           
0010001300043T 0601897X0000000092096 24778829000007782   7000007782      30112023000000000076310237012960000007782                0900000000000010100000000000000000000000000000000000000   000000000000000000000000004        170192477882     
0010001300044U 060000000000000000000000000000000000000000000000000000000000000000000000763100000000000763100000000000000000000000000000001411202316112023            000000000000000                              000                           
0010001300045T 0601897X0000000092096 24778829000007807   7000007807      30112023000000000121335104047920000007807                0900000000000010100000000000000000000000000000000000000   000000000000000000000000004        170192477882     
0010001300046U 060000000000000000000000000000000000000000000000000000000000000000000001213350000000001213350000000000000000000000000000001411202316112023            000000000000000                              000                           
0010001300047T 0601897X0000000092096 24778829000007822   7000007822      30112023000000000088176033022700000007822                0900000000000010100000000000000000000000000000000000000   000000000000000000000000004        170192477882     
0010001300048U 060000000000000000000000000000000000000000000000000000000000000000000000881760000000000881760000000000000000000000000000001411202316112023            000000000000000                              000                           
00100015         000050001707000000006456155670000000000000000000000000000000000000000000000000000000000000000000000000000000000000000000000000000                                                                                              
00199999         000001000052000000                                                                                                                                                            00000000000000000000000000000                    
