00100000         2115139610001160024778820014       01897X0000000092096 FUNDACAO AGENCIA DAS BACIAS HIBANCO DO BRASIL                         20612202301493700543703000000829973081PROCESSAMEN                                                 
00100011T0100020 20115139610001160024778820014       01897X0000000092096 FUNDACAO AGENCIA DAS BACIAS HI                                                                                000000000612202300000000  000000000                      
0010001300001T 0201897X0000000092096 24778829000007916   7000007916      2912202300000000002958200101849X000007916                0900000000000010500000000000000000000000000000000000000   0000000000000000000000480A9A4      170192477882     
0010001300002U 020000000000000000000000000000000000000000000000000000000000000000000000000000000000000000000000000000000000000000000000000612202300000000            000000000000000                              000                           
0010001300003T 0201897X0000000092096 24778829000007917   7000007917      29122023000000000025109001004561000007917                0900000000000010000000000000000000000000000000000000000   0000000000000000000000480A9        170192477882     
0010001300004U 020000000000000000000000000000000000000000000000000000000000000000000000000000000000000000000000000000000000000000000000000612202300000000            000000000000000                              000                           
0010001300005T 0201897X0000000092096 24778829000007918   7000007918      29122023000000000026274001009946000007918                0900000000000010500000000000000000000000000000000000000   0000000000000000000000480A9A4      170192477882     
0010001300006U 020000000000000000000000000000000000000000000000000000000000000000000000000000000000000000000000000000000000000000000000000612202300000000            000000000000000                              000                           
0010001300007T 0201897X0000000092096 24778829000007919   7000007919      29122023000000000026397001009946000007919                0900000000000010500000000000000000000000000000000000000   0000000000000000000000480A9A4      170192477882     
0010001300008U 020000000000000000000000000000000000000000000000000000000000000000000000000000000000000000000000000000000000000000000000000612202300000000            000000000000000                              000                           
0010001300009T 0201897X0000000092096 24778829000007920   7000007920      29122023000000000029645001009946000007920                0900000000000010000000000000000000000000000000000000000   0000000000000000000000480A9        170192477882     
0010001300010U 020000000000000000000000000000000000000000000000000000000000000000000000000000000000000000000000000000000000000000000000000612202300000000            000000000000000                              000                           
0010001300011T 0201897X0000000092096 24778829000007921   7000007921      29122023000000000191290001004561000007921                0900000000000010500000000000000000000000000000000000000   0000000000000000000000480A9A4      170192477882     
0010001300012U 020000000000000000000000000000000000000000000000000000000000000000000000000000000000000000000000000000000000000000000000000612202300000000            000000000000000                              000                           
0010001300013T 0201897X0000000092096 24778829000007922   7000007922      31012024000000000191290001004561000007922                0900000000000010500000000000000000000000000000000000000   0000000000000000000000480A9A4      170192477882     
0010001300014U 020000000000000000000000000000000000000000000000000000000000000000000000000000000000000000000000000000000000000000000000000612202300000000            000000000000000                              000                           
0010001300015T 0201897X0000000092096 24778829000007923   7000007923      29022024000000000191290001004561000007923                0900000000000010500000000000000000000000000000000000000   0000000000000000000000480A9A4      170192477882     
0010001300016U 020000000000000000000000000000000000000000000000000000000000000000000000000000000000000000000000000000000000000000000000000612202300000000            000000000000000                              000                           
0010001300017T 0201897X0000000092096 24778829000007924   7000007924      29032024000000000191290001004561000007924                0900000000000010500000000000000000000000000000000000000   0000000000000000000000480A9A4      170192477882     
0010001300018U 020000000000000000000000000000000000000000000000000000000000000000000000000000000000000000000000000000000000000000000000000612202300000000            000000000000000                              000                           
0010001300019T 0201897X0000000092096 24778829000007925   7000007925      30042024000000000191290001004561000007925                0900000000000010500000000000000000000000000000000000000   0000000000000000000000480A9A4      170192477882     
0010001300020U 020000000000000000000000000000000000000000000000000000000000000000000000000000000000000000000000000000000000000000000000000612202300000000            000000000000000                              000                           
0010001300021T 0201897X0000000092096 24778829000007926   7000007926      31052024000000000191290001004561000007926                0900000000000010500000000000000000000000000000000000000   0000000000000000000000480A9A4      170192477882     
0010001300022U 020000000000000000000000000000000000000000000000000000000000000000000000000000000000000000000000000000000000000000000000000612202300000000            000000000000000                              000                           
0010001300023T 0201897X0000000092096 24778829000007927   7000007927      28062024000000000191290001004561000007927                0900000000000010500000000000000000000000000000000000000   0000000000000000000000480A9A4      170192477882     
0010001300024U 020000000000000000000000000000000000000000000000000000000000000000000000000000000000000000000000000000000000000000000000000612202300000000            000000000000000                              000                           
0010001300025T 0201897X0000000092096 24778829000007928   7000007928      31072024000000000191290001004561000007928                0900000000000010500000000000000000000000000000000000000   0000000000000000000000480A9A4      170192477882     
0010001300026U 020000000000000000000000000000000000000000000000000000000000000000000000000000000000000000000000000000000000000000000000000612202300000000            000000000000000                              000                           
0010001300027T 0201897X0000000092096 24778829000007929   7000007929      30082024000000000191290001004561000007929                0900000000000010500000000000000000000000000000000000000   0000000000000000000000480A9A4      170192477882     
0010001300028U 020000000000000000000000000000000000000000000000000000000000000000000000000000000000000000000000000000000000000000000000000612202300000000            000000000000000                              000                           
0010001300029T 0201897X0000000092096 24778829000007930   7000007930      30092024000000000191290001004561000007930                0900000000000010500000000000000000000000000000000000000   0000000000000000000000480A9A4      170192477882     
0010001300030U 020000000000000000000000000000000000000000000000000000000000000000000000000000000000000000000000000000000000000000000000000612202300000000            000000000000000                              000                           
0010001300031T 0601897X0000000092096 24778822230003380   700000000000338022122023000000000137395341009120000003380                0900000000000010100000000000000000000000000000000000000   000000000000000000000000004        170192477882     
0010001300032U 060000000000000000000000000000000000000000000000000000000000000000000001373950000000001373950000000000000000000000000000000612202307122023            000000000000000                              000                           
0010001300033T 0601897X0000000092096 24778822230004070   700000000000407022122023000000000361125341001100000004070                0900000000000010100000000000000000000000000000000000000   000000000000000000000000004        170192477882     
0010001300034U 060000000000000000000000000000000000000000000000000000000000000000000003611250000000003611250000000000000000000000000000000612202307122023            000000000000000                              000                           
0010001300035T 0601897X0000000092096 24778822230005449   700000000000544930112023000000000087714748055540000005449                0900000000000010100000000000000000000000000000000000000   000000000000000000000000004        170192477882     
0010001300036U 060000000000019290000000000000000000000000000000000000000000000000000000896430000000000896430000000000000000000000000000000612202307122023            000000000000000                              000                           
0010001300037T 0601897X0000000092096 24778822230005702   700000000000570222122023000000000039197341026900000005702                0900000000000010100000000000000000000000000000000000000   000000000000000000000000004        170192477882     
0010001300038U 060000000000000000000000000000000000000000000000000000000000000000000000391970000000000391970000000000000000000000000000000612202307122023            000000000000000                              000                           
0010001300039T 0601897X0000000092096 24778822230006326   700000000000632622122023000000000048795237013400000006326                0900000000000010100000000000000000000000000000000000000   000000000000000000000000004        170192477882     
0010001300040U 060000000000000000000000000000000000000000000000000000000000000000000000487950000000000487950000000000000000000000000000000612202307122023            000000000000000                              000                           
0010001300041T 0601897X0000000092096 24778822230006500   700000000000650022122023000000000029277033000900000006500                0900000000000010100000000000000000000000000000000000000   000000000000000000000000004        170192477882     
0010001300042U 060000000000000000000000000000000000000000000000000000000000000000000000292770000000000292770000000000000000000000000000000612202307122023            000000000000000                              000                           
0010001300043T 0601897X0000000092096 24778822230006554   700000000000655422122023000000000036596237013400000006554                0900000000000010100000000000000000000000000000000000000   000000000000000000000000004        170192477882     
0010001300044U 060000000000000000000000000000000000000000000000000000000000000000000000365960000000000365960000000000000000000000000000000612202307122023            000000000000000                              000                           
0010001300045T 0601897X0000000092096 24778822230006764   700000000000676422122023000000000043874104030800000006764                0900000000000010100000000000000000000000000000000000000   000000000000000000000000004        170192477882     
0010001300046U 060000000000000000000000000000000000000000000000000000000000000000000000438740000000000438740000000000000000000000000000000612202307122023            000000000000000                              000                           
0010001300047T 0601897X0000000092096 24778822230006788   700000000000678822122023000000000052481341014030000006788                0900000000000010100000000000000000000000000000000000000   000000000000000000000000004        170192477882     
0010001300048U 060000000000000000000000000000000000000000000000000000000000000000000000524810000000000524810000000000000000000000000000000612202307122023            000000000000000                              000                           
0010001300049T 0601897X0000000092096 24778829000007889   7000007889      22122023000000000028555756044410000007889                0900000000000010100000000000000000000000000000000000000   000000000000000000000000004        170192477882     
0010001300050U 060000000000000000000000000000000000000000000000000000000000000000000000285550000000000285550000000000000000000000000000000612202307122023            000000000000000                              000                           
0010001300051T 0901897X0000000092096 24778829000007728   7000007728      30112023000000003698276001045888000007728                0900000000000000000000000000000000000000000000000000000   000000000000000000000036010        170192477882     
0010001300052U 090000000000000000000000000000000000000000000000000000000000000000000000000000000000000000000000000000000000000000000000000612202300000000            000000000000000                              000                           
0010001300053T 0901897X0000000092096 24778829000007733   7000007733      30112023000000001887110001003018000007733                0900000000000000000000000000000000000000000000000000000   000000000000000000000036010        170192477882     
0010001300054U 090000000000000000000000000000000000000000000000000000000000000000000000000000000000000000000000000000000000000000000000000612202300000000            000000000000000                              000                           
0010001300055T 1401897X0000000092096 24778829000007890   7000007890      2212202300000000050213800101849X000007890                0900000000000000000000000000000000000000000000000000000   000000000000000000000000000        170192477882     
0010001300056U 140000000000000000000000000000000000000000000000000000000000000000000000000000000000000000000000000000000000000000000000000612202300000000            000000000000000                              000                           
0010001300057T 1401897X0000000092096 24778829000007899   7000007899      22122023000000000027095001001724000007899                0900000000000000000000000000000000000000000000000000000   000000000000000000000000000        170192477882     
0010001300058U 140000000000000000000000000000000000000000000000000000000000000000000000000000000000000000000000000000000000000000000000000612202300000000            000000000000000                              000                           
0010001300059T 1401897X0000000092096 24778829000007900   7000007900      2212202300000000003615500101849X000007900                0900000000000000000000000000000000000000000000000000000   000000000000000000000000000        170192477882     
0010001300060U 140000000000000000000000000000000000000000000000000000000000000000000000000000000000000000000000000000000000000000000000000612202300000000            000000000000000                              000                           
0010001300061T 1401897X0000000092096 24778829000007913   7000007913      22122023000000000026258001004278000007913                0900000000000000000000000000000000000000000000000000000   000000000000000000000000000        170192477882     
0010001300062U 140000000000000000000000000000000000000000000000000000000000000000000000000000000000000000000000000000000000000000000000000612202300000000            000000000000000                              000                           
0010001300063T 1401897X0000000092096 24778829000007914   7000007914      22122023000000000026274001003409000007914                0900000000000000000000000000000000000000000000000000000   000000000000000000000000000        170192477882     
0010001300064U 140000000000000000000000000000000000000000000000000000000000000000000000000000000000000000000000000000000000000000000000000612202300000000            000000000000000                              000                           
0010001300065T 1401897X0000000092096 24778829000007915   7000007915      22122023000000000029476001009946000007915                0900000000000000000000000000000000000000000000000000000   000000000000000000000000000        170192477882     
0010001300066U 140000000000000000000000000000000000000000000000000000000000000000000000000000000000000000000000000000000000000000000000000612202300000000            000000000000000                              000                           
00100015         000068000875000000005021834290000000000000000000000000000000000000000000000000000000000000000000000000000000000000000000000000000                                                                                              
00199999         000001000070000000                                                                                                                                                            00000000000000000000000000000                    
