00100000         2115139610001160024778820014       01897X0000000092096 FUNDACAO AGENCIA DAS BACIAS HIBANCO DO BRASIL                         20512202301251200543503000000829973081PROCESSAMEN                                                 
00100011T0100020 20115139610001160024778820014       01897X0000000092096 FUNDACAO AGENCIA DAS BACIAS HI                                                                                000000000512202300000000  000000000                      
0010001300001T 0201897X0000000092096 24778829000007890   7000007890      2912202300000000050213800101849X000007890                0900000000000010000000000000000000000000000000000000000   0000000000000000000000480A9        170192477882     
0010001300002U 020000000000000000000000000000000000000000000000000000000000000000000000000000000000000000000000000000000000000000000000000512202300000000            000000000000000                              000                           
0010001300003T 0201897X0000000092096 24778829000007891   7000007891      22122023000000000029335001014753000007891                0900000000000010500000000000000000000000000000000000000   0000000000000000000000480A9A4      170192477882     
0010001300004U 020000000000000000000000000000000000000000000000000000000000000000000000000000000000000000000000000000000000000000000000000512202300000000            000000000000000                              000                           
0010001300005T 0201897X0000000092096 24778829000007892   7000007892      22122023000000000200024001009946000007892                0900000000000010500000000000000000000000000000000000000   0000000000000000000000480A9A4      170192477882     
0010001300006U 020000000000000000000000000000000000000000000000000000000000000000000000000000000000000000000000000000000000000000000000000512202300000000            000000000000000                              000                           
0010001300007T 0201897X0000000092096 24778829000007893   7000007893      31012024000000022041723001009903000007893                0900000000000010000000000000000000000000000000000000000   0000000000000000000000480A9        170192477882     
0010001300008U 020000000000000000000000000000000000000000000000000000000000000000000000000000000000000000000000000000000000000000000000000512202300000000            000000000000000                              000                           
0010001300009T 0201897X0000000092096 24778829000007894   7000007894      29022024000000022041723001009903000007894                0900000000000010000000000000000000000000000000000000000   0000000000000000000000480A9        170192477882     
0010001300010U 020000000000000000000000000000000000000000000000000000000000000000000000000000000000000000000000000000000000000000000000000512202300000000            000000000000000                              000                           
0010001300011T 0201897X0000000092096 24778829000007895   7000007895      28032024000000022041723001009903000007895                0900000000000010000000000000000000000000000000000000000   0000000000000000000000480A9        170192477882     
0010001300012U 020000000000000000000000000000000000000000000000000000000000000000000000000000000000000000000000000000000000000000000000000512202300000000            000000000000000                              000                           
0010001300013T 0201897X0000000092096 24778829000007896   7000007896      30042024000000022041723001009903000007896                0900000000000010000000000000000000000000000000000000000   0000000000000000000000480A9        170192477882     
0010001300014U 020000000000000000000000000000000000000000000000000000000000000000000000000000000000000000000000000000000000000000000000000512202300000000            000000000000000                              000                           
0010001300015T 0201897X0000000092096 24778829000007897   7000007897      31052024000000022041723001009903000007897                0900000000000010000000000000000000000000000000000000000   0000000000000000000000480A9        170192477882     
0010001300016U 020000000000000000000000000000000000000000000000000000000000000000000000000000000000000000000000000000000000000000000000000512202300000000            000000000000000                              000                           
0010001300017T 0201897X0000000092096 24778829000007898   7000007898      28062024000000022041723001009903000007898                0900000000000010000000000000000000000000000000000000000   0000000000000000000000480A9        170192477882     
0010001300018U 020000000000000000000000000000000000000000000000000000000000000000000000000000000000000000000000000000000000000000000000000512202300000000            000000000000000                              000                           
0010001300019T 0201897X0000000092096 24778829000007899   7000007899      29122023000000000027095001001724000007899                0900000000000010000000000000000000000000000000000000000   0000000000000000000000480A9        170192477882     
0010001300020U 020000000000000000000000000000000000000000000000000000000000000000000000000000000000000000000000000000000000000000000000000512202300000000            000000000000000                              000                           
0010001300021T 0201897X0000000092096 24778829000007900   7000007900      2912202300000000003615500101849X000007900                0900000000000010500000000000000000000000000000000000000   0000000000000000000000480A9A4      170192477882     
0010001300022U 020000000000000000000000000000000000000000000000000000000000000000000000000000000000000000000000000000000000000000000000000512202300000000            000000000000000                              000                           
0010001300023T 0201897X0000000092096 24778829000007901   7000007901      31012024000000008000000001001724000007901                0900000000000010000000000000000000000000000000000000000   0000000000000000000000480A9        170192477882     
0010001300024U 020000000000000000000000000000000000000000000000000000000000000000000000000000000000000000000000000000000000000000000000000512202300000000            000000000000000                              000                           
0010001300025T 0201897X0000000092096 24778829000007902   7000007902      29022024000000008000000001001724000007902                0900000000000010000000000000000000000000000000000000000   0000000000000000000000480A9        170192477882     
0010001300026U 020000000000000000000000000000000000000000000000000000000000000000000000000000000000000000000000000000000000000000000000000512202300000000            000000000000000                              000                           
0010001300027T 0201897X0000000092096 24778829000007903   7000007903      28032024000000008000000001001724000007903                0900000000000010000000000000000000000000000000000000000   0000000000000000000000480A9        170192477882     
0010001300028U 020000000000000000000000000000000000000000000000000000000000000000000000000000000000000000000000000000000000000000000000000512202300000000            000000000000000                              000                           
0010001300029T 0201897X0000000092096 24778829000007904   7000007904      30042024000000008000000001001724000007904                0900000000000010000000000000000000000000000000000000000   0000000000000000000000480A9        170192477882     
0010001300030U 020000000000000000000000000000000000000000000000000000000000000000000000000000000000000000000000000000000000000000000000000512202300000000            000000000000000                              000                           
0010001300031T 0201897X0000000092096 24778829000007905   7000007905      31052024000000008000000001001724000007905                0900000000000010000000000000000000000000000000000000000   0000000000000000000000480A9        170192477882     
0010001300032U 020000000000000000000000000000000000000000000000000000000000000000000000000000000000000000000000000000000000000000000000000512202300000000            000000000000000                              000                           
0010001300033T 0201897X0000000092096 24778829000007906   7000007906      28062024000000008000000001001724000007906                0900000000000010000000000000000000000000000000000000000   0000000000000000000000480A9        170192477882     
0010001300034U 020000000000000000000000000000000000000000000000000000000000000000000000000000000000000000000000000000000000000000000000000512202300000000            000000000000000                              000                           
0010001300035T 0201897X0000000092096 24778829000007907   7000007907      31012024000000002036794001041467000007907                0900000000000010000000000000000000000000000000000000000   0000000000000000000000480A9        170192477882     
0010001300036U 020000000000000000000000000000000000000000000000000000000000000000000000000000000000000000000000000000000000000000000000000512202300000000            000000000000000                              000                           
0010001300037T 0201897X0000000092096 24778829000007908   7000007908      29022024000000002036794001041467000007908                0900000000000010000000000000000000000000000000000000000   0000000000000000000000480A9        170192477882     
0010001300038U 020000000000000000000000000000000000000000000000000000000000000000000000000000000000000000000000000000000000000000000000000512202300000000            000000000000000                              000                           
0010001300039T 0201897X0000000092096 24778829000007909   7000007909      28032024000000002036794001041467000007909                0900000000000010000000000000000000000000000000000000000   0000000000000000000000480A9        170192477882     
0010001300040U 020000000000000000000000000000000000000000000000000000000000000000000000000000000000000000000000000000000000000000000000000512202300000000            000000000000000                              000                           
0010001300041T 0201897X0000000092096 24778829000007910   7000007910      30042024000000002036794001041467000007910                0900000000000010000000000000000000000000000000000000000   0000000000000000000000480A9        170192477882     
0010001300042U 020000000000000000000000000000000000000000000000000000000000000000000000000000000000000000000000000000000000000000000000000512202300000000            000000000000000                              000                           
0010001300043T 0201897X0000000092096 24778829000007911   7000007911      31052024000000002036794001041467000007911                0900000000000010000000000000000000000000000000000000000   0000000000000000000000480A9        170192477882     
0010001300044U 020000000000000000000000000000000000000000000000000000000000000000000000000000000000000000000000000000000000000000000000000512202300000000            000000000000000                              000                           
0010001300045T 0201897X0000000092096 24778829000007912   7000007912      28062024000000002036794001041467000007912                0900000000000010000000000000000000000000000000000000000   0000000000000000000000480A9        170192477882     
0010001300046U 020000000000000000000000000000000000000000000000000000000000000000000000000000000000000000000000000000000000000000000000000512202300000000            000000000000000                              000                           
0010001300047T 0201897X0000000092096 24778829000007913   7000007913      29122023000000000026258001004278000007913                0900000000000010000000000000000000000000000000000000000   0000000000000000000000480A9        170192477882     
0010001300048U 020000000000000000000000000000000000000000000000000000000000000000000000000000000000000000000000000000000000000000000000000512202300000000            000000000000000                              000                           
0010001300049T 0201897X0000000092096 24778829000007914   7000007914      29122023000000000026274001003409000007914                0900000000000010500000000000000000000000000000000000000   0000000000000000000000480A9A4      170192477882     
0010001300050U 020000000000000000000000000000000000000000000000000000000000000000000000000000000000000000000000000000000000000000000000000512202300000000            000000000000000                              000                           
0010001300051T 0201897X0000000092096 24778829000007915   7000007915      29122023000000000029476001009946000007915                0900000000000010500000000000000000000000000000000000000   0000000000000000000000480A9A4      170192477882     
0010001300052U 020000000000000000000000000000000000000000000000000000000000000000000000000000000000000000000000000000000000000000000000000512202300000000            000000000000000                              000                           
0010001300053T 0601897X0000000092096 24778822230003836   700000000000383622122023000000000145667341000090000003836                0900000000000010100000000000000000000000000000000000000   000000000000000000000000004        170192477882     
0010001300054U 060000000000000000000000000000000000000000000000000000000000000000000001456670000000001456670000000000000000000000000000000512202306122023            000000000000000                              000                           
0010001300055T 0601897X0000000092096 24778822230004183   700000000000418330112023000000000042543341000140000004183                0900000000000010100000000000000000000000000000000000000   000000000000000000000000004        170192477882     
0010001300056U 060000000000009200000000000000000000000000000000000000000000000000000000434630000000000434630000000000000000000000000000000512202306122023            000000000000000                              000                           
0010001300057T 0601897X0000000092096 24778822230005485   700000000000548530112023000000000028724341026900000005485                0900000000000010100000000000000000000000000000000000000   000000000000000000000000004        170192477882     
0010001300058U 060000000000006210000000000000000000000000000000000000000000000000000000293450000000000293450000000000000000000000000000000512202306122023            000000000000000                              000                           
0010001300059T 0601897X0000000092096 24778822230006014   700000000000601422122023000000000037328033043970000006014                0900000000000010100000000000000000000000000000000000000   000000000000000000000000004        170192477882     
0010001300060U 060000000000000000000000000000000000000000000000000000000000000000000000373280000000000373280000000000000000000000000000000512202306122023            000000000000000                              000                           
0010001300061T 0601897X0000000092096 24778822230006626   700000000000662622122023000000000053918341009100000006626                0900000000000010100000000000000000000000000000000000000   000000000000000000000000004        170192477882     
0010001300062U 060000000000000000000000000000000000000000000000000000000000000000000000539180000000000539180000000000000000000000000000000512202306122023            000000000000000                              000                           
0010001300063T 0601897X0000000092096 24778822230007046   700000000000704622122023000000000053918341009100000007046                0900000000000010100000000000000000000000000000000000000   000000000000000000000000004        170192477882     
0010001300064U 060000000000000000000000000000000000000000000000000000000000000000000000539180000000000539180000000000000000000000000000000512202306122023            000000000000000                              000                           
0010001300065T 0901897X0000000092096 24778822230001995   70000000000019953110202300000000002305500101849X000001995                0900000000000000000000000000000000000000000000000000000   000000000000000000000036009        170192477882     
0010001300066U 090000000000000000000000000000000000000000000000000000000000000000000000000000000000000000000000000000000000000000000000000512202300000000            000000000000000                              000                           
0010001300067T 0901897X0000000092096 24778822230002011   700000000000201131102023000000000022287001045888000002011                0900000000000000000000000000000000000000000000000000000   000000000000000000000036009        170192477882     
0010001300068U 090000000000000000000000000000000000000000000000000000000000000000000000000000000000000000000000000000000000000000000000000512202300000000            000000000000000                              000                           
0010001300069T 0901897X0000000092096 24778822230002059   700000000000205931102023000000000020561001001678000002059                0900000000000000000000000000000000000000000000000000000   000000000000000000000036009        170192477882     
0010001300070U 090000000000000000000000000000000000000000000000000000000000000000000000000000000000000000000000000000000000000000000000000512202300000000            000000000000000                              000                           
0010001300071T 0901897X0000000092096 24778822230002063   700000000000206331102023000000000021958001003409000002063                0900000000000000000000000000000000000000000000000000000   000000000000000000000036009        170192477882     
0010001300072U 090000000000000000000000000000000000000000000000000000000000000000000000000000000000000000000000000000000000000000000000000512202300000000            000000000000000                              000                           
0010001300073T 0901897X0000000092096 24778822230002071   700000000000207131102023000000000021958001014753000002071                0900000000000000000000000000000000000000000000000000000   000000000000000000000036009        170192477882     
0010001300074U 090000000000000000000000000000000000000000000000000000000000000000000000000000000000000000000000000000000000000000000000000512202300000000            000000000000000                              000                           
0010001300075T 0901897X0000000092096 24778822230002095   70000000000020953110202300000000002308800101513X000002095                0900000000000000000000000000000000000000000000000000000   000000000000000000000036009        170192477882     
0010001300076U 090000000000000000000000000000000000000000000000000000000000000000000000000000000000000000000000000000000000000000000000000512202300000000            000000000000000                              000                           
0010001300077T 0901897X0000000092096 24778822230002099   700000000000209931102023000000000021376001009946000002099                0900000000000000000000000000000000000000000000000000000   000000000000000000000036009        170192477882     
0010001300078U 090000000000000000000000000000000000000000000000000000000000000000000000000000000000000000000000000000000000000000000000000512202300000000            000000000000000                              000                           
0010001300079T 0901897X0000000092096 24778822230002103   700000000000210331102023000000000021958001021717000002103                0900000000000000000000000000000000000000000000000000000   000000000000000000000036009        170192477882     
0010001300080U 090000000000000000000000000000000000000000000000000000000000000000000000000000000000000000000000000000000000000000000000000512202300000000            000000000000000                              000                           
0010001300081T 0901897X0000000092096 24778822230002147   700000000000214731102023000000000023055001003409000002147                0900000000000000000000000000000000000000000000000000000   000000000000000000000036009        170192477882     
0010001300082U 090000000000000000000000000000000000000000000000000000000000000000000000000000000000000000000000000000000000000000000000000512202300000000            000000000000000                              000                           
0010001300083T 0901897X0000000092096 24778822230002163   700000000000216331102023000000000021440001004154000002163                0900000000000000000000000000000000000000000000000000000   000000000000000000000036009        170192477882     
0010001300084U 090000000000000000000000000000000000000000000000000000000000000000000000000000000000000000000000000000000000000000000000000512202300000000            000000000000000                              000                           
0010001300085T 0901897X0000000092096 24778822230002199   700000000000219931102023000000000022660001001724000002199                0900000000000000000000000000000000000000000000000000000   000000000000000000000036009        170192477882     
0010001300086U 090000000000000000000000000000000000000000000000000000000000000000000000000000000000000000000000000000000000000000000000000512202300000000            000000000000000                              000                           
0010001300087T 0901897X0000000092096 24778822230002211   700000000000221131102023000000000021665001001678000002211                0900000000000000000000000000000000000000000000000000000   000000000000000000000036009        170192477882     
0010001300088U 090000000000000000000000000000000000000000000000000000000000000000000000000000000000000000000000000000000000000000000000000512202300000000            000000000000000                              000                           
0010001300089T 0901897X0000000092096 24778822230002223   700000000000222331102023000000000024998001006998000002223                0900000000000000000000000000000000000000000000000000000   000000000000000000000036009        170192477882     
0010001300090U 090000000000000000000000000000000000000000000000000000000000000000000000000000000000000000000000000000000000000000000000000512202300000000            000000000000000                              000                           
0010001300091T 0901897X0000000092096 24778822230002251   700000000000225131102023000000000021539001003409000002251                0900000000000000000000000000000000000000000000000000000   000000000000000000000036009        170192477882     
0010001300092U 090000000000000000000000000000000000000000000000000000000000000000000000000000000000000000000000000000000000000000000000000512202300000000            000000000000000                              000                           
0010001300093T 0901897X0000000092096 24778822230002263   700000000000226331102023000000000021359001003190000002263                0900000000000000000000000000000000000000000000000000000   000000000000000000000036009        170192477882     
0010001300094U 090000000000000000000000000000000000000000000000000000000000000000000000000000000000000000000000000000000000000000000000000512202300000000            000000000000000                              000                           
0010001300095T 0901897X0000000092096 24778822230002279   700000000000227931102023000000000022951001003409000002279                0900000000000000000000000000000000000000000000000000000   000000000000000000000036009        170192477882     
0010001300096U 090000000000000000000000000000000000000000000000000000000000000000000000000000000000000000000000000000000000000000000000000512202300000000            000000000000000                              000                           
0010001300097T 0901897X0000000092096 24778822230002311   700000000000231131102023000000000021958001045888000002311                0900000000000000000000000000000000000000000000000000000   000000000000000000000036009        170192477882     
0010001300098U 090000000000000000000000000000000000000000000000000000000000000000000000000000000000000000000000000000000000000000000000000512202300000000            000000000000000                              000                           
0010001300099T 0901897X0000000092096 24778822230002339   700000000000233931102023000000000022559001004596000002339                0900000000000000000000000000000000000000000000000000000   000000000000000000000036009        170192477882     
0010001300100U 090000000000000000000000000000000000000000000000000000000000000000000000000000000000000000000000000000000000000000000000000512202300000000            000000000000000                              000                           
0010001300101T 0901897X0000000092096 24778822230002359   700000000000235931102023000000000020494001069833000002359                0900000000000000000000000000000000000000000000000000000   000000000000000000000036009        170192477882     
0010001300102U 090000000000000000000000000000000000000000000000000000000000000000000000000000000000000000000000000000000000000000000000000512202300000000            000000000000000                              000                           
0010001300103T 0901897X0000000092096 24778822230002363   70000000000023633110202300000000002346200101849X000002363                0900000000000000000000000000000000000000000000000000000   000000000000000000000036009        170192477882     
0010001300104U 090000000000000000000000000000000000000000000000000000000000000000000000000000000000000000000000000000000000000000000000000512202300000000            000000000000000                              000                           
0010001300105T 0901897X0000000092096 24778822230002367   700000000000236731102023000000000021958001020125000002367                0900000000000000000000000000000000000000000000000000000   000000000000000000000036009        170192477882     
0010001300106U 090000000000000000000000000000000000000000000000000000000000000000000000000000000000000000000000000000000000000000000000000512202300000000            000000000000000                              000                           
0010001300107T 0901897X0000000092096 24778822230002375   700000000000237531102023000000000022611001001678000002375                0900000000000000000000000000000000000000000000000000000   000000000000000000000036009        170192477882     
0010001300108U 090000000000000000000000000000000000000000000000000000000000000000000000000000000000000000000000000000000000000000000000000512202300000000            000000000000000                              000                           
0010001300109T 0901897X0000000092096 24778822230002379   700000000000237931102023000000000021079001003018000002379                0900000000000000000000000000000000000000000000000000000   000000000000000000000036009        170192477882     
0010001300110U 090000000000000000000000000000000000000000000000000000000000000000000000000000000000000000000000000000000000000000000000000512202300000000            000000000000000                              000                           
0010001300111T 0901897X0000000092096 24778822230002395   700000000000239531102023000000000021958001026565000002395                0900000000000000000000000000000000000000000000000000000   000000000000000000000036009        170192477882     
0010001300112U 090000000000000000000000000000000000000000000000000000000000000000000000000000000000000000000000000000000000000000000000000512202300000000            000000000000000                              000                           
0010001300113T 0901897X0000000092096 24778822230002403   700000000000240331102023000000000020219001024538000002403                0900000000000000000000000000000000000000000000000000000   000000000000000000000036009        170192477882     
0010001300114U 090000000000000000000000000000000000000000000000000000000000000000000000000000000000000000000000000000000000000000000000000512202300000000            000000000000000                              000                           
0010001300115T 0901897X0000000092096 24778822230002411   70000000000024113110202300000000002189700101849X000002411                0900000000000000000000000000000000000000000000000000000   000000000000000000000036009        170192477882     
0010001300116U 090000000000000000000000000000000000000000000000000000000000000000000000000000000000000000000000000000000000000000000000000512202300000000            000000000000000                              000                           
0010001300117T 0901897X0000000092096 24778822230002446   70000000000024463110202300000000002385800101849X000002446                0900000000000000000000000000000000000000000000000000000   000000000000000000000036009        170192477882     
0010001300118U 090000000000000000000000000000000000000000000000000000000000000000000000000000000000000000000000000000000000000000000000000512202300000000            000000000000000                              000                           
0010001300119T 0901897X0000000092096 24778822230002461   700000000000246131102023000000000020494001003018000002461                0900000000000000000000000000000000000000000000000000000   000000000000000000000036009        170192477882     
0010001300120U 090000000000000000000000000000000000000000000000000000000000000000000000000000000000000000000000000000000000000000000000000512202300000000            000000000000000                              000                           
0010001300121T 0901897X0000000092096 24778822230002471   70000000000024713110202300000000002093000101849X000002471                0900000000000000000000000000000000000000000000000000000   000000000000000000000036009        170192477882     
0010001300122U 090000000000000000000000000000000000000000000000000000000000000000000000000000000000000000000000000000000000000000000000000512202300000000            000000000000000                              000                           
0010001300123T 0901897X0000000092096 24778822230002551   700000000000255131102023000000000021570001007994000002551                0900000000000000000000000000000000000000000000000000000   000000000000000000000036009        170192477882     
0010001300124U 090000000000000000000000000000000000000000000000000000000000000000000000000000000000000000000000000000000000000000000000000512202300000000            000000000000000                              000                           
0010001300125T 0901897X0000000092096 24778822230002561   700000000000256131102023000000000022717001004561000002561                0900000000000000000000000000000000000000000000000000000   000000000000000000000036009        170192477882     
0010001300126U 090000000000000000000000000000000000000000000000000000000000000000000000000000000000000000000000000000000000000000000000000512202300000000            000000000000000                              000                           
0010001300127T 0901897X0000000092096 24778822230002596   700000000000259631102023000000000021606001004154000002596                0900000000000000000000000000000000000000000000000000000   000000000000000000000036009        170192477882     
0010001300128U 090000000000000000000000000000000000000000000000000000000000000000000000000000000000000000000000000000000000000000000000000512202300000000            000000000000000                              000                           
0010001300129T 0901897X0000000092096 24778822230002606   700000000000260631102023000000000021401001001678000002606                0900000000000000000000000000000000000000000000000000000   000000000000000000000036009        170192477882     
0010001300130U 090000000000000000000000000000000000000000000000000000000000000000000000000000000000000000000000000000000000000000000000000512202300000000            000000000000000                              000                           
0010001300131T 0901897X0000000092096 24778822230002656   70000000000026563110202300000000002180800101849X000002656                0900000000000000000000000000000000000000000000000000000   000000000000000000000036009        170192477882     
0010001300132U 090000000000000000000000000000000000000000000000000000000000000000000000000000000000000000000000000000000000000000000000000512202300000000            000000000000000                              000                           
0010001300133T 0901897X0000000092096 24778822230002666   70000000000026663110202300000000002156100101849X000002666                0900000000000000000000000000000000000000000000000000000   000000000000000000000036009        170192477882     
0010001300134U 090000000000000000000000000000000000000000000000000000000000000000000000000000000000000000000000000000000000000000000000000512202300000000            000000000000000                              000                           
0010001300135T 0901897X0000000092096 24778822230002716   70000000000027163110202300000000002342100100037X000002716                0900000000000000000000000000000000000000000000000000000   000000000000000000000036009        170192477882     
0010001300136U 090000000000000000000000000000000000000000000000000000000000000000000000000000000000000000000000000000000000000000000000000512202300000000            000000000000000                              000                           
0010001300137T 0901897X0000000092096 24778822230002721   70000000000027213110202300000000002163300101849X000002721                0900000000000000000000000000000000000000000000000000000   000000000000000000000036009        170192477882     
0010001300138U 090000000000000000000000000000000000000000000000000000000000000000000000000000000000000000000000000000000000000000000000000512202300000000            000000000000000                              000                           
0010001300139T 0901897X0000000092096 24778822230002726   700000000000272631102023000000000022999001003190000002726                0900000000000000000000000000000000000000000000000000000   000000000000000000000036009        170192477882     
0010001300140U 090000000000000000000000000000000000000000000000000000000000000000000000000000000000000000000000000000000000000000000000000512202300000000            000000000000000                              000                           
0010001300141T 0901897X0000000092096 24778822230002736   700000000000273631102023000000000023421001003018000002736                0900000000000000000000000000000000000000000000000000000   000000000000000000000036009        170192477882     
0010001300142U 090000000000000000000000000000000000000000000000000000000000000000000000000000000000000000000000000000000000000000000000000512202300000000            000000000000000                              000                           
0010001300143T 0901897X0000000092096 24778822230002741   700000000000274131102023000000000023895001003409000002741                0900000000000000000000000000000000000000000000000000000   000000000000000000000036009        170192477882     
0010001300144U 090000000000000000000000000000000000000000000000000000000000000000000000000000000000000000000000000000000000000000000000000512202300000000            000000000000000                              000                           
0010001300145T 0901897X0000000092096 24778822230002751   700000000000275131102023000000000020389001001678000002751                0900000000000000000000000000000000000000000000000000000   000000000000000000000036009        170192477882     
0010001300146U 090000000000000000000000000000000000000000000000000000000000000000000000000000000000000000000000000000000000000000000000000512202300000000            000000000000000                              000                           
0010001300147T 0901897X0000000092096 24778822230002756   700000000000275631102023000000000022231001003409000002756                0900000000000000000000000000000000000000000000000000000   000000000000000000000036009        170192477882     
0010001300148U 090000000000000000000000000000000000000000000000000000000000000000000000000000000000000000000000000000000000000000000000000512202300000000            000000000000000                              000                           
0010001300149T 0901897X0000000092096 24778822230002802   700000000000280231102023000000000021643001003409000002802                0900000000000000000000000000000000000000000000000000000   000000000000000000000036009        170192477882     
0010001300150U 090000000000000000000000000000000000000000000000000000000000000000000000000000000000000000000000000000000000000000000000000512202300000000            000000000000000                              000                           
0010001300151T 0901897X0000000092096 24778822230002826   700000000000282631102023000000000040988001009903000002826                0900000000000000000000000000000000000000000000000000000   000000000000000000000036009        170192477882     
0010001300152U 090000000000000000000000000000000000000000000000000000000000000000000000000000000000000000000000000000000000000000000000000512202300000000            000000000000000                              000                           
0010001300153T 0901897X0000000092096 24778822230002856   700000000000285631102023000000000029277001069833000002856                0900000000000000000000000000000000000000000000000000000   000000000000000000000036009        170192477882     
0010001300154U 090000000000000000000000000000000000000000000000000000000000000000000000000000000000000000000000000000000000000000000000000512202300000000            000000000000000                              000                           
0010001300155T 0901897X0000000092096 24778822230002868   70000000000028683110202300000000003044300101849X000002868                0900000000000000000000000000000000000000000000000000000   000000000000000000000036009        170192477882     
0010001300156U 090000000000000000000000000000000000000000000000000000000000000000000000000000000000000000000000000000000000000000000000000512202300000000            000000000000000                              000                           
0010001300157T 0901897X0000000092096 24778822230002958   70000000000029583110202300000000007075200101849X000002958                0900000000000000000000000000000000000000000000000000000   000000000000000000000036009        170192477882     
0010001300158U 090000000000000000000000000000000000000000000000000000000000000000000000000000000000000000000000000000000000000000000000000512202300000000            000000000000000                              000                           
0010001300159T 0901897X0000000092096 24778822230002994   70000000000029943110202300000000004391500100636X000002994                0900000000000000000000000000000000000000000000000000000   000000000000000000000036009        170192477882     
0010001300160U 090000000000000000000000000000000000000000000000000000000000000000000000000000000000000000000000000000000000000000000000000512202300000000            000000000000000                              000                           
0010001300161T 0901897X0000000092096 24778822230003114   700000000000311431102023000000000085749001004561000003114                0900000000000000000000000000000000000000000000000000000   000000000000000000000036009        170192477882     
0010001300162U 090000000000000000000000000000000000000000000000000000000000000000000000000000000000000000000000000000000000000000000000000512202300000000            000000000000000                              000                           
0010001300163T 0901897X0000000092096 24778822230003120   700000000000312031102023000000000063433001004561000003120                0900000000000000000000000000000000000000000000000000000   000000000000000000000036009        170192477882     
0010001300164U 090000000000000000000000000000000000000000000000000000000000000000000000000000000000000000000000000000000000000000000000000512202300000000            000000000000000                              000                           
0010001300165T 0901897X0000000092096 24778822230003126   700000000000312631102023000000000135561001000566000003126                0900000000000000000000000000000000000000000000000000000   000000000000000000000036009        170192477882     
0010001300166U 090000000000000000000000000000000000000000000000000000000000000000000000000000000000000000000000000000000000000000000000000512202300000000            000000000000000                              000                           
0010001300167T 0901897X0000000092096 24778822230003192   700000000000319231102023000000000020982001041467000003192                0900000000000000000000000000000000000000000000000000000   000000000000000000000036009        170192477882     
0010001300168U 090000000000000000000000000000000000000000000000000000000000000000000000000000000000000000000000000000000000000000000000000512202300000000            000000000000000                              000                           
0010001300169T 0901897X0000000092096 24778822230003222   700000000000322231102023000000000026959001007994000003222                0900000000000000000000000000000000000000000000000000000   000000000000000000000036009        170192477882     
0010001300170U 090000000000000000000000000000000000000000000000000000000000000000000000000000000000000000000000000000000000000000000000000512202300000000            000000000000000                              000                           
0010001300171T 0901897X0000000092096 24778822230003276   700000000000327631102023000000000080877001007994000003276                0900000000000000000000000000000000000000000000000000000   000000000000000000000036009        170192477882     
0010001300172U 090000000000000000000000000000000000000000000000000000000000000000000000000000000000000000000000000000000000000000000000000512202300000000            000000000000000                              000                           
0010001300173T 0901897X0000000092096 24778822230003282   70000000000032823110202300000000017102500101849X000003282                0900000000000000000000000000000000000000000000000000000   000000000000000000000036009        170192477882     
0010001300174U 090000000000000000000000000000000000000000000000000000000000000000000000000000000000000000000000000000000000000000000000000512202300000000            000000000000000                              000                           
0010001300175T 0901897X0000000092096 24778822230003324   700000000000332431102023000000000033912001000566000003324                0900000000000000000000000000000000000000000000000000000   000000000000000000000036009        170192477882     
0010001300176U 090000000000000000000000000000000000000000000000000000000000000000000000000000000000000000000000000000000000000000000000000512202300000000            000000000000000                              000                           
0010001300177T 0901897X0000000092096 24778822230003360   70000000000033603110202300000000010828400101513X000003360                0900000000000000000000000000000000000000000000000000000   000000000000000000000036009        170192477882     
0010001300178U 090000000000000000000000000000000000000000000000000000000000000000000000000000000000000000000000000000000000000000000000000512202300000000            000000000000000                              000                           
0010001300179T 0901897X0000000092096 24778822230003402   700000000000340231102023000000000037442001003018000003402                0900000000000000000000000000000000000000000000000000000   000000000000000000000036009        170192477882     
0010001300180U 090000000000000000000000000000000000000000000000000000000000000000000000000000000000000000000000000000000000000000000000000512202300000000            000000000000000                              000                           
0010001300181T 0901897X0000000092096 24778822230003516   700000000000351631102023000000000024397001004154000003516                0900000000000000000000000000000000000000000000000000000   000000000000000000000036009        170192477882     
0010001300182U 090000000000000000000000000000000000000000000000000000000000000000000000000000000000000000000000000000000000000000000000000512202300000000            000000000000000                              000                           
0010001300183T 0901897X0000000092096 24778822230003606   700000000000360631102023000000006327993001026565000003606                0900000000000000000000000000000000000000000000000000000   000000000000000000000036009        170192477882     
0010001300184U 090000000000000000000000000000000000000000000000000000000000000000000000000000000000000000000000000000000000000000000000000512202300000000            000000000000000                              000                           
0010001300185T 0901897X0000000092096 24778822230003690   700000000000369031102023000000000119023001003018000003690                0900000000000000000000000000000000000000000000000000000   000000000000000000000036009        170192477882     
0010001300186U 090000000000000000000000000000000000000000000000000000000000000000000000000000000000000000000000000000000000000000000000000512202300000000            000000000000000                              000                           
0010001300187T 0901897X0000000092096 24778822230003762   700000000000376231102023000000000172895001001678000003762                0900000000000000000000000000000000000000000000000000000   000000000000000000000036009        170192477882     
0010001300188U 090000000000000000000000000000000000000000000000000000000000000000000000000000000000000000000000000000000000000000000000000512202300000000            000000000000000                              000                           
0010001300189T 0901897X0000000092096 24778822230003810   700000000000381031102023000000000023769001006998000003810                0900000000000000000000000000000000000000000000000000000   000000000000000000000036009        170192477882     
0010001300190U 090000000000000000000000000000000000000000000000000000000000000000000000000000000000000000000000000000000000000000000000000512202300000000            000000000000000                              000                           
0010001300191T 0901897X0000000092096 24778822230003840   700000000000384031102023000000000060658001066583000003840                0900000000000000000000000000000000000000000000000000000   000000000000000000000036009        170192477882     
0010001300192U 090000000000000000000000000000000000000000000000000000000000000000000000000000000000000000000000000000000000000000000000000512202300000000            000000000000000                              000                           
0010001300193T 0901897X0000000092096 24778822230003852   700000000000385231102023000000000041223001000566000003852                0900000000000000000000000000000000000000000000000000000   000000000000000000000036009        170192477882     
0010001300194U 090000000000000000000000000000000000000000000000000000000000000000000000000000000000000000000000000000000000000000000000000512202300000000            000000000000000                              000                           
0010001300195T 0901897X0000000092096 24778822230003918   700000000000391831102023000000002939256001041467000003918                0900000000000000000000000000000000000000000000000000000   000000000000000000000036009        170192477882     
0010001300196U 090000000000000000000000000000000000000000000000000000000000000000000000000000000000000000000000000000000000000000000000000512202300000000            000000000000000                              000                           
0010001300197T 0901897X0000000092096 24778822230003966   700000000000396631102023000000000133697001022004000003966                0900000000000000000000000000000000000000000000000000000   000000000000000000000036009        170192477882     
0010001300198U 090000000000000000000000000000000000000000000000000000000000000000000000000000000000000000000000000000000000000000000000000512202300000000            000000000000000                              000                           
0010001300199T 0901897X0000000092096 24778822230004044   700000000000404431102023000000001549582001023248000004044                0900000000000000000000000000000000000000000000000000000   000000000000000000000036009        170192477882     
0010001300200U 090000000000000000000000000000000000000000000000000000000000000000000000000000000000000000000000000000000000000000000000000512202300000000            000000000000000                              000                           
0010001300201T 0901897X0000000092096 24778822230004230   700000000000423031102023000000000121986001069833000004230                0900000000000000000000000000000000000000000000000000000   000000000000000000000036009        170192477882     
0010001300202U 090000000000000000000000000000000000000000000000000000000000000000000000000000000000000000000000000000000000000000000000000512202300000000            000000000000000                              000                           
0010001300203T 0901897X0000000092096 24778822230004374   70000000000043743110202300000000002925300101513X000004374                0900000000000000000000000000000000000000000000000000000   000000000000000000000036009        170192477882     
0010001300204U 090000000000000000000000000000000000000000000000000000000000000000000000000000000000000000000000000000000000000000000000000512202300000000            000000000000000                              000                           
0010001300205T 0901897X0000000092096 24778822230004398   700000000000439831102023000000000085390001000566000004398                0900000000000000000000000000000000000000000000000000000   000000000000000000000036009        170192477882     
0010001300206U 090000000000000000000000000000000000000000000000000000000000000000000000000000000000000000000000000000000000000000000000000512202300000000            000000000000000                              000                           
0010001300207T 0901897X0000000092096 24778822230004440   700000000000444031102023000000000028545001009296000004440                0900000000000000000000000000000000000000000000000000000   000000000000000000000036009        170192477882     
0010001300208U 090000000000000000000000000000000000000000000000000000000000000000000000000000000000000000000000000000000000000000000000000512202300000000            000000000000000                              000                           
0010001300209T 0901897X0000000092096 24778822230004506   700000000000450631102023000000000024495001007994000004506                0900000000000000000000000000000000000000000000000000000   000000000000000000000036009        170192477882     
0010001300210U 090000000000000000000000000000000000000000000000000000000000000000000000000000000000000000000000000000000000000000000000000512202300000000            000000000000000                              000                           
0010001300211T 0901897X0000000092096 24778822230004524   700000000000452431102023000000000041963001009946000004524                0900000000000000000000000000000000000000000000000000000   000000000000000000000036009        170192477882     
0010001300212U 090000000000000000000000000000000000000000000000000000000000000000000000000000000000000000000000000000000000000000000000000512202300000000            000000000000000                              000                           
0010001300213T 0901897X0000000092096 24778822230004578   700000000000457831102023000000000020693001003409000004578                0900000000000000000000000000000000000000000000000000000   000000000000000000000036009        170192477882     
0010001300214U 090000000000000000000000000000000000000000000000000000000000000000000000000000000000000000000000000000000000000000000000000512202300000000            000000000000000                              000                           
0010001300215T 0901897X0000000092096 24778822230004602   700000000000460231102023000000000020982001009296000004602                0900000000000000000000000000000000000000000000000000000   000000000000000000000036009        170192477882     
0010001300216U 090000000000000000000000000000000000000000000000000000000000000000000000000000000000000000000000000000000000000000000000000512202300000000            000000000000000                              000                           
0010001300217T 0901897X0000000092096 24778822230004608   700000000000460831102023000000000029007001007994000004608                0900000000000000000000000000000000000000000000000000000   000000000000000000000036009        170192477882     
0010001300218U 090000000000000000000000000000000000000000000000000000000000000000000000000000000000000000000000000000000000000000000000000512202300000000            000000000000000                              000                           
0010001300219T 0901897X0000000092096 24778822230004692   700000000000469231102023000000000037538001023248000004692                0900000000000000000000000000000000000000000000000000000   000000000000000000000036009        170192477882     
0010001300220U 090000000000000000000000000000000000000000000000000000000000000000000000000000000000000000000000000000000000000000000000000512202300000000            000000000000000                              000                           
0010001300221T 0901897X0000000092096 24778822230004728   700000000000472831102023000000000020163001004596000004728                0900000000000000000000000000000000000000000000000000000   000000000000000000000036009        170192477882     
0010001300222U 090000000000000000000000000000000000000000000000000000000000000000000000000000000000000000000000000000000000000000000000000512202300000000            000000000000000                              000                           
0010001300223T 0901897X0000000092096 24778822230004758   700000000000475831102023000000000060984001000566000004758                0900000000000000000000000000000000000000000000000000000   000000000000000000000036009        170192477882     
0010001300224U 090000000000000000000000000000000000000000000000000000000000000000000000000000000000000000000000000000000000000000000000000512202300000000            000000000000000                              000                           
0010001300225T 0901897X0000000092096 24778822230004830   700000000000483031102023000000000046198001003190000004830                0900000000000000000000000000000000000000000000000000000   000000000000000000000036009        170192477882     
0010001300226U 090000000000000000000000000000000000000000000000000000000000000000000000000000000000000000000000000000000000000000000000000512202300000000            000000000000000                              000                           
0010001300227T 0901897X0000000092096 24778822230004854   700000000000485431102023000000000031137001004154000004854                0900000000000000000000000000000000000000000000000000000   000000000000000000000036009        170192477882     
0010001300228U 090000000000000000000000000000000000000000000000000000000000000000000000000000000000000000000000000000000000000000000000000512202300000000            000000000000000                              000                           
0010001300229T 0901897X0000000092096 24778822230004872   700000000000487231102023000000000068312001014753000004872                0900000000000000000000000000000000000000000000000000000   000000000000000000000036009        170192477882     
0010001300230U 090000000000000000000000000000000000000000000000000000000000000000000000000000000000000000000000000000000000000000000000000512202300000000            000000000000000                              000                           
0010001300231T 0901897X0000000092096 24778822230004896   700000000000489631102023000000000038157001069833000004896                0900000000000000000000000000000000000000000000000000000   000000000000000000000036009        170192477882     
0010001300232U 090000000000000000000000000000000000000000000000000000000000000000000000000000000000000000000000000000000000000000000000000512202300000000            000000000000000                              000                           
0010001300233T 0901897X0000000092096 24778822230004998   700000000000499831102023000000000108208001001724000004998                0900000000000000000000000000000000000000000000000000000   000000000000000000000036009        170192477882     
0010001300234U 090000000000000000000000000000000000000000000000000000000000000000000000000000000000000000000000000000000000000000000000000512202300000000            000000000000000                              000                           
0010001300235T 0901897X0000000092096 24778822230005058   70000000000050583110202300000000002025000101849X000005058                0900000000000000000000000000000000000000000000000000000   000000000000000000000036009        170192477882     
0010001300236U 090000000000000000000000000000000000000000000000000000000000000000000000000000000000000000000000000000000000000000000000000512202300000000            000000000000000                              000                           
0010001300237T 0901897X0000000092096 24778822230005082   700000000000508231102023000000000021176001003409000005082                0900000000000000000000000000000000000000000000000000000   000000000000000000000036009        170192477882     
0010001300238U 090000000000000000000000000000000000000000000000000000000000000000000000000000000000000000000000000000000000000000000000000512202300000000            000000000000000                              000                           
0010001300239T 0901897X0000000092096 24778822230005106   700000000000510631102023000000000036037001009296000005106                0900000000000000000000000000000000000000000000000000000   000000000000000000000036009        170192477882     
0010001300240U 090000000000000000000000000000000000000000000000000000000000000000000000000000000000000000000000000000000000000000000000000512202300000000            000000000000000                              000                           
0010001300241T 0901897X0000000092096 24778822230005136   700000000000513631102023000000000433125001004561000005136                0900000000000000000000000000000000000000000000000000000   000000000000000000000036009        170192477882     
0010001300242U 090000000000000000000000000000000000000000000000000000000000000000000000000000000000000000000000000000000000000000000000000512202300000000            000000000000000                              000                           
0010001300243T 0901897X0000000092096 24778822230005154   700000000000515431102023000000000031534001004561000005154                0900000000000000000000000000000000000000000000000000000   000000000000000000000036009        170192477882     
0010001300244U 090000000000000000000000000000000000000000000000000000000000000000000000000000000000000000000000000000000000000000000000000512202300000000            000000000000000                              000                           
0010001300245T 0901897X0000000092096 24778822230005178   70000000000051783110202300000000002194300101849X000005178                0900000000000000000000000000000000000000000000000000000   000000000000000000000036009        170192477882     
0010001300246U 090000000000000000000000000000000000000000000000000000000000000000000000000000000000000000000000000000000000000000000000000512202300000000            000000000000000                              000                           
0010001300247T 0901897X0000000092096 24778822230005190   700000000000519031102023000000000042988001003018000005190                0900000000000000000000000000000000000000000000000000000   000000000000000000000036009        170192477882     
0010001300248U 090000000000000000000000000000000000000000000000000000000000000000000000000000000000000000000000000000000000000000000000000512202300000000            000000000000000                              000                           
0010001300249T 0901897X0000000092096 24778822230005232   700000000000523231102023000000000035439001003409000005232                0900000000000000000000000000000000000000000000000000000   000000000000000000000036009        170192477882     
0010001300250U 090000000000000000000000000000000000000000000000000000000000000000000000000000000000000000000000000000000000000000000000000512202300000000            000000000000000                              000                           
0010001300251T 0901897X0000000092096 24778822230005244   70000000000052443110202300000000002196600100216X000005244                0900000000000000000000000000000000000000000000000000000   000000000000000000000036009        170192477882     
0010001300252U 090000000000000000000000000000000000000000000000000000000000000000000000000000000000000000000000000000000000000000000000000512202300000000            000000000000000                              000                           
0010001300253T 0901897X0000000092096 24778822230005274   700000000000527431102023000000000033668001001678000005274                0900000000000000000000000000000000000000000000000000000   000000000000000000000036009        170192477882     
0010001300254U 090000000000000000000000000000000000000000000000000000000000000000000000000000000000000000000000000000000000000000000000000512202300000000            000000000000000                              000                           
0010001300255T 0901897X0000000092096 24778822230005298   700000000000529831102023000000000029155001043036000005298                0900000000000000000000000000000000000000000000000000000   000000000000000000000036009        170192477882     
0010001300256U 090000000000000000000000000000000000000000000000000000000000000000000000000000000000000000000000000000000000000000000000000512202300000000            000000000000000                              000                           
0010001300257T 0901897X0000000092096 24778822230005322   700000000000532231102023000000000042497001022004000005322                0900000000000000000000000000000000000000000000000000000   000000000000000000000036009        170192477882     
0010001300258U 090000000000000000000000000000000000000000000000000000000000000000000000000000000000000000000000000000000000000000000000000512202300000000            000000000000000                              000                           
0010001300259T 0901897X0000000092096 24778822230005334   700000000000533431102023000000000029490001003190000005334                0900000000000000000000000000000000000000000000000000000   000000000000000000000036009        170192477882     
0010001300260U 090000000000000000000000000000000000000000000000000000000000000000000000000000000000000000000000000000000000000000000000000512202300000000            000000000000000                              000                           
0010001300261T 0901897X0000000092096 24778822230005394   700000000000539431102023000000000035132001000566000005394                0900000000000000000000000000000000000000000000000000000   000000000000000000000036009        170192477882     
0010001300262U 090000000000000000000000000000000000000000000000000000000000000000000000000000000000000000000000000000000000000000000000000512202300000000            000000000000000                              000                           
0010001300263T 0901897X0000000092096 24778822230005400   70000000000054003110202300000000007474600100264X000005400                0900000000000000000000000000000000000000000000000000000   000000000000000000000036009        170192477882     
0010001300264U 090000000000000000000000000000000000000000000000000000000000000000000000000000000000000000000000000000000000000000000000000512202300000000            000000000000000                              000                           
0010001300265T 0901897X0000000092096 24778822230005436   700000000000543631102023000000000043907001009903000005436                0900000000000000000000000000000000000000000000000000000   000000000000000000000036009        170192477882     
0010001300266U 090000000000000000000000000000000000000000000000000000000000000000000000000000000000000000000000000000000000000000000000000512202300000000            000000000000000                              000                           
0010001300267T 0901897X0000000092096 24778822230005454   70000000000054543110202300000000004162000101849X000005454                0900000000000000000000000000000000000000000000000000000   000000000000000000000036009        170192477882     
0010001300268U 090000000000000000000000000000000000000000000000000000000000000000000000000000000000000000000000000000000000000000000000000512202300000000            000000000000000                              000                           
0010001300269T 0901897X0000000092096 24778822230005478   700000000000547831102023000000000059392001026565000005478                0900000000000000000000000000000000000000000000000000000   000000000000000000000036009        170192477882     
0010001300270U 090000000000000000000000000000000000000000000000000000000000000000000000000000000000000000000000000000000000000000000000000512202300000000            000000000000000                              000                           
0010001300271T 0901897X0000000092096 24778822230005502   700000000000550231102023000000000055323001004154000005502                0900000000000000000000000000000000000000000000000000000   000000000000000000000036009        170192477882     
0010001300272U 090000000000000000000000000000000000000000000000000000000000000000000000000000000000000000000000000000000000000000000000000512202300000000            000000000000000                              000                           
0010001300273T 0901897X0000000092096 24778822230005514   700000000000551431102023000000000026863001009946000005514                0900000000000000000000000000000000000000000000000000000   000000000000000000000036009        170192477882     
0010001300274U 090000000000000000000000000000000000000000000000000000000000000000000000000000000000000000000000000000000000000000000000000512202300000000            000000000000000                              000                           
0010001300275T 0901897X0000000092096 24778822230005562   70000000000055623110202300000000003431700101849X000005562                0900000000000000000000000000000000000000000000000000000   000000000000000000000036009        170192477882     
0010001300276U 090000000000000000000000000000000000000000000000000000000000000000000000000000000000000000000000000000000000000000000000000512202300000000            000000000000000                              000                           
0010001300277T 0901897X0000000092096 24778822230005622   70000000000056223110202300000000002195700101849X000005622                0900000000000000000000000000000000000000000000000000000   000000000000000000000036009        170192477882     
0010001300278U 090000000000000000000000000000000000000000000000000000000000000000000000000000000000000000000000000000000000000000000000000512202300000000            000000000000000                              000                           
0010001300279T 0901897X0000000092096 24778822230005652   700000000000565231102023000000000026008001001678000005652                0900000000000000000000000000000000000000000000000000000   000000000000000000000036009        170192477882     
0010001300280U 090000000000000000000000000000000000000000000000000000000000000000000000000000000000000000000000000000000000000000000000000512202300000000            000000000000000                              000                           
0010001300281T 0901897X0000000092096 24778822230005694   700000000000569431102023000000000037650001069833000005694                0900000000000000000000000000000000000000000000000000000   000000000000000000000036009        170192477882     
0010001300282U 090000000000000000000000000000000000000000000000000000000000000000000000000000000000000000000000000000000000000000000000000512202300000000            000000000000000                              000                           
0010001300283T 0901897X0000000092096 24778822230005868   700000000000586831102023000000000021470001023248000005868                0900000000000000000000000000000000000000000000000000000   000000000000000000000036009        170192477882     
0010001300284U 090000000000000000000000000000000000000000000000000000000000000000000000000000000000000000000000000000000000000000000000000512202300000000            000000000000000                              000                           
0010001300285T 0901897X0000000092096 24778822230005886   700000000000588631102023000000000022446001009946000005886                0900000000000000000000000000000000000000000000000000000   000000000000000000000036009        170192477882     
0010001300286U 090000000000000000000000000000000000000000000000000000000000000000000000000000000000000000000000000000000000000000000000000512202300000000            000000000000000                              000                           
0010001300287T 0901897X0000000092096 24778822230005946   700000000000594631102023000000000044598001003409000005946                0900000000000000000000000000000000000000000000000000000   000000000000000000000036009        170192477882     
0010001300288U 090000000000000000000000000000000000000000000000000000000000000000000000000000000000000000000000000000000000000000000000000512202300000000            000000000000000                              000                           
0010001300289T 0901897X0000000092096 24778822230005994   700000000000599431102023000000000041719001069833000005994                0900000000000000000000000000000000000000000000000000000   000000000000000000000036009        170192477882     
0010001300290U 090000000000000000000000000000000000000000000000000000000000000000000000000000000000000000000000000000000000000000000000000512202300000000            000000000000000                              000                           
0010001300291T 0901897X0000000092096 24778822230006000   70000000000060003110202300000000016102200101849X000006000                0900000000000000000000000000000000000000000000000000000   000000000000000000000036009        170192477882     
0010001300292U 090000000000000000000000000000000000000000000000000000000000000000000000000000000000000000000000000000000000000000000000000512202300000000            000000000000000                              000                           
0010001300293T 0901897X0000000092096 24778822230006042   700000000000604231102023000000000076012001006831000006042                0900000000000000000000000000000000000000000000000000000   000000000000000000000036009        170192477882     
0010001300294U 090000000000000000000000000000000000000000000000000000000000000000000000000000000000000000000000000000000000000000000000000512202300000000            000000000000000                              000                           
0010001300295T 0901897X0000000092096 24778822230006084   700000000000608431102023000000000112377001045888000006084                0900000000000000000000000000000000000000000000000000000   000000000000000000000036009        170192477882     
0010001300296U 090000000000000000000000000000000000000000000000000000000000000000000000000000000000000000000000000000000000000000000000000512202300000000            000000000000000                              000                           
0010001300297T 0901897X0000000092096 24778822230006102   700000000000610231102023000000000048795001003409000006102                0900000000000000000000000000000000000000000000000000000   000000000000000000000036009        170192477882     
0010001300298U 090000000000000000000000000000000000000000000000000000000000000000000000000000000000000000000000000000000000000000000000000512202300000000            000000000000000                              000                           
0010001300299T 0901897X0000000092096 24778822230006108   700000000000610831102023000000000047549001004561000006108                0900000000000000000000000000000000000000000000000000000   000000000000000000000036009        170192477882     
0010001300300U 090000000000000000000000000000000000000000000000000000000000000000000000000000000000000000000000000000000000000000000000000512202300000000            000000000000000                              000                           
0010001300301T 0901897X0000000092096 24778822230006114   700000000000611431102023000000000029277001009903000006114                0900000000000000000000000000000000000000000000000000000   000000000000000000000036009        170192477882     
0010001300302U 090000000000000000000000000000000000000000000000000000000000000000000000000000000000000000000000000000000000000000000000000512202300000000            000000000000000                              000                           
0010001300303T 0901897X0000000092096 24778822230006156   700000000000615631102023000000000023714001004561000006156                0900000000000000000000000000000000000000000000000000000   000000000000000000000036009        170192477882     
0010001300304U 090000000000000000000000000000000000000000000000000000000000000000000000000000000000000000000000000000000000000000000000000512202300000000            000000000000000                              000                           
0010001300305T 0901897X0000000092096 24778822230006180   70000000000061803110202300000000003903600101849X000006180                0900000000000000000000000000000000000000000000000000000   000000000000000000000036009        170192477882     
0010001300306U 090000000000000000000000000000000000000000000000000000000000000000000000000000000000000000000000000000000000000000000000000512202300000000            000000000000000                              000                           
0010001300307T 0901897X0000000092096 24778822230006222   700000000000622231102023000000000031717001001678000006222                0900000000000000000000000000000000000000000000000000000   000000000000000000000036009        170192477882     
0010001300308U 090000000000000000000000000000000000000000000000000000000000000000000000000000000000000000000000000000000000000000000000000512202300000000            000000000000000                              000                           
0010001300309T 0901897X0000000092096 24778822230006252   700000000000625231102023000000000021451001026816000006252                0900000000000000000000000000000000000000000000000000000   000000000000000000000036009        170192477882     
0010001300310U 090000000000000000000000000000000000000000000000000000000000000000000000000000000000000000000000000000000000000000000000000512202300000000            000000000000000                              000                           
0010001300311T 0901897X0000000092096 24778822230006270   700000000000627031102023000000000049600001004154000006270                0900000000000000000000000000000000000000000000000000000   000000000000000000000036009        170192477882     
0010001300312U 090000000000000000000000000000000000000000000000000000000000000000000000000000000000000000000000000000000000000000000000000512202300000000            000000000000000                              000                           
0010001300313T 0901897X0000000092096 24778822230006282   700000000000628231102023000000000022055001003409000006282                0900000000000000000000000000000000000000000000000000000   000000000000000000000036009        170192477882     
0010001300314U 090000000000000000000000000000000000000000000000000000000000000000000000000000000000000000000000000000000000000000000000000512202300000000            000000000000000                              000                           
0010001300315T 0901897X0000000092096 24778822230006294   700000000000629431102023000000000024712001008966000006294                0900000000000000000000000000000000000000000000000000000   000000000000000000000036009        170192477882     
0010001300316U 090000000000000000000000000000000000000000000000000000000000000000000000000000000000000000000000000000000000000000000000000512202300000000            000000000000000                              000                           
0010001300317T 0901897X0000000092096 24778822230006306   700000000000630631102023000000000052590001003409000006306                0900000000000000000000000000000000000000000000000000000   000000000000000000000036009        170192477882     
0010001300318U 090000000000000000000000000000000000000000000000000000000000000000000000000000000000000000000000000000000000000000000000000512202300000000            000000000000000                              000                           
0010001300319T 0901897X0000000092096 24778822230006312   700000000000631231102023000000000027140001003409000006312                0900000000000000000000000000000000000000000000000000000   000000000000000000000036009        170192477882     
0010001300320U 090000000000000000000000000000000000000000000000000000000000000000000000000000000000000000000000000000000000000000000000000512202300000000            000000000000000                              000                           
0010001300321T 0901897X0000000092096 24778822230006318   700000000000631831102023000000000056596001014753000006318                0900000000000000000000000000000000000000000000000000000   000000000000000000000036009        170192477882     
0010001300322U 090000000000000000000000000000000000000000000000000000000000000000000000000000000000000000000000000000000000000000000000000512202300000000            000000000000000                              000                           
0010001300323T 0901897X0000000092096 24778822230006342   700000000000634231102023000000000021958001003190000006342                0900000000000000000000000000000000000000000000000000000   000000000000000000000036009        170192477882     
0010001300324U 090000000000000000000000000000000000000000000000000000000000000000000000000000000000000000000000000000000000000000000000000512202300000000            000000000000000                              000                           
0010001300325T 0901897X0000000092096 24778822230006354   700000000000635431102023000000000039036001003409000006354                0900000000000000000000000000000000000000000000000000000   000000000000000000000036009        170192477882     
0010001300326U 090000000000000000000000000000000000000000000000000000000000000000000000000000000000000000000000000000000000000000000000000512202300000000            000000000000000                              000                           
0010001300327T 0901897X0000000092096 24778822230006426   700000000000642631102023000000000021567001008966000006426                0900000000000000000000000000000000000000000000000000000   000000000000000000000036009        170192477882     
0010001300328U 090000000000000000000000000000000000000000000000000000000000000000000000000000000000000000000000000000000000000000000000000512202300000000            000000000000000                              000                           
0010001300329T 0901897X0000000092096 24778822230006438   700000000000643831102023000000000037743001006831000006438                0900000000000000000000000000000000000000000000000000000   000000000000000000000036009        170192477882     
0010001300330U 090000000000000000000000000000000000000000000000000000000000000000000000000000000000000000000000000000000000000000000000000512202300000000            000000000000000                              000                           
0010001300331T 0901897X0000000092096 24778822230006450   700000000000645031102023000000000021958001006998000006450                0900000000000000000000000000000000000000000000000000000   000000000000000000000036009        170192477882     
0010001300332U 090000000000000000000000000000000000000000000000000000000000000000000000000000000000000000000000000000000000000000000000000512202300000000            000000000000000                              000                           
0010001300333T 0901897X0000000092096 24778822230006462   70000000000064623110202300000000006587200101849X000006462                0900000000000000000000000000000000000000000000000000000   000000000000000000000036009        170192477882     
0010001300334U 090000000000000000000000000000000000000000000000000000000000000000000000000000000000000000000000000000000000000000000000000512202300000000            000000000000000                              000                           
0010001300335T 0901897X0000000092096 24778822230006468   700000000000646831102023000000000122669001014753000006468                0900000000000000000000000000000000000000000000000000000   000000000000000000000036009        170192477882     
0010001300336U 090000000000000000000000000000000000000000000000000000000000000000000000000000000000000000000000000000000000000000000000000512202300000000            000000000000000                              000                           
0010001300337T 0901897X0000000092096 24778822230006516   700000000000651631102023000000000073192001001724000006516                0900000000000000000000000000000000000000000000000000000   000000000000000000000036009        170192477882     
0010001300338U 090000000000000000000000000000000000000000000000000000000000000000000000000000000000000000000000000000000000000000000000000512202300000000            000000000000000                              000                           
0010001300339T 0901897X0000000092096 24778822230006540   700000000000654031102023000000000085390001001724000006540                0900000000000000000000000000000000000000000000000000000   000000000000000000000036009        170192477882     
0010001300340U 090000000000000000000000000000000000000000000000000000000000000000000000000000000000000000000000000000000000000000000000000512202300000000            000000000000000                              000                           
0010001300341T 0901897X0000000092096 24778822230006570   700000000000657031102023000000000029233001003190000006570                0900000000000000000000000000000000000000000000000000000   000000000000000000000036009        170192477882     
0010001300342U 090000000000000000000000000000000000000000000000000000000000000000000000000000000000000000000000000000000000000000000000000512202300000000            000000000000000                              000                           
0010001300343T 0901897X0000000092096 24778822230006630   700000000000663031102023000000000024397001001724000006630                0900000000000000000000000000000000000000000000000000000   000000000000000000000036009        170192477882     
0010001300344U 090000000000000000000000000000000000000000000000000000000000000000000000000000000000000000000000000000000000000000000000000512202300000000            000000000000000                              000                           
0010001300345T 0901897X0000000092096 24778822230006654   700000000000665431102023000000000065200001014753000006654                0900000000000000000000000000000000000000000000000000000   000000000000000000000036009        170192477882     
0010001300346U 090000000000000000000000000000000000000000000000000000000000000000000000000000000000000000000000000000000000000000000000000512202300000000            000000000000000                              000                           
0010001300347T 0901897X0000000092096 24778822230006660   700000000000666031102023000000000032568001000566000006660                0900000000000000000000000000000000000000000000000000000   000000000000000000000036009        170192477882     
0010001300348U 090000000000000000000000000000000000000000000000000000000000000000000000000000000000000000000000000000000000000000000000000512202300000000            000000000000000                              000                           
0010001300349T 0901897X0000000092096 24778822230006696   700000000000669631102023000000000104811001022004000006696                0900000000000000000000000000000000000000000000000000000   000000000000000000000036009        170192477882     
0010001300350U 090000000000000000000000000000000000000000000000000000000000000000000000000000000000000000000000000000000000000000000000000512202300000000            000000000000000                              000                           
0010001300351T 0901897X0000000092096 24778822230006804   700000000000680431102023000000000044853001003409000006804                0900000000000000000000000000000000000000000000000000000   000000000000000000000036009        170192477882     
0010001300352U 090000000000000000000000000000000000000000000000000000000000000000000000000000000000000000000000000000000000000000000000000512202300000000            000000000000000                              000                           
0010001300353T 0901897X0000000092096 24778822230006810   70000000000068103110202300000000002071600101849X000006810                0900000000000000000000000000000000000000000000000000000   000000000000000000000036009        170192477882     
0010001300354U 090000000000000000000000000000000000000000000000000000000000000000000000000000000000000000000000000000000000000000000000000512202300000000            000000000000000                              000                           
0010001300355T 0901897X0000000092096 24778822230006840   700000000000684031102023000000000037303001003190000006840                0900000000000000000000000000000000000000000000000000000   000000000000000000000036009        170192477882     
0010001300356U 090000000000000000000000000000000000000000000000000000000000000000000000000000000000000000000000000000000000000000000000000512202300000000            000000000000000                              000                           
0010001300357T 0901897X0000000092096 24778822230006846   700000000000684631102023000000000022836001008117000006846                0900000000000000000000000000000000000000000000000000000   000000000000000000000036009        170192477882     
0010001300358U 090000000000000000000000000000000000000000000000000000000000000000000000000000000000000000000000000000000000000000000000000512202300000000            000000000000000                              000                           
0010001300359T 0901897X0000000092096 24778822230006852   700000000000685231102023000000000035962001004561000006852                0900000000000000000000000000000000000000000000000000000   000000000000000000000036009        170192477882     
0010001300360U 090000000000000000000000000000000000000000000000000000000000000000000000000000000000000000000000000000000000000000000000000512202300000000            000000000000000                              000                           
0010001300361T 0901897X0000000092096 24778822230006888   700000000000688831102023000000000022528001008117000006888                0900000000000000000000000000000000000000000000000000000   000000000000000000000036009        170192477882     
0010001300362U 090000000000000000000000000000000000000000000000000000000000000000000000000000000000000000000000000000000000000000000000000512202300000000            000000000000000                              000                           
0010001300363T 0901897X0000000092096 24778822230006912   700000000000691231102023000000000023206001003190000006912                0900000000000000000000000000000000000000000000000000000   000000000000000000000036009        170192477882     
0010001300364U 090000000000000000000000000000000000000000000000000000000000000000000000000000000000000000000000000000000000000000000000000512202300000000            000000000000000                              000                           
0010001300365T 0901897X0000000092096 24778822230006936   700000000000693631102023000000000195178001003018000006936                0900000000000000000000000000000000000000000000000000000   000000000000000000000036009        170192477882     
0010001300366U 090000000000000000000000000000000000000000000000000000000000000000000000000000000000000000000000000000000000000000000000000512202300000000            000000000000000                              000                           
0010001300367T 0901897X0000000092096 24778822230007002   700000000000700231102023000000000039036001026565000007002                0900000000000000000000000000000000000000000000000000000   000000000000000000000036009        170192477882     
0010001300368U 090000000000000000000000000000000000000000000000000000000000000000000000000000000000000000000000000000000000000000000000000512202300000000            000000000000000                              000                           
0010001300369T 0901897X0000000092096 24778822230007032   700000000000703231102023000000000078071001004154000007032                0900000000000000000000000000000000000000000000000000000   000000000000000000000036009        170192477882     
0010001300370U 090000000000000000000000000000000000000000000000000000000000000000000000000000000000000000000000000000000000000000000000000512202300000000            000000000000000                              000                           
0010001300371T 0901897X0000000092096 24778822230007158   700000000000715831102023000000000106626001014753000007158                0900000000000000000000000000000000000000000000000000000   000000000000000000000036009        170192477882     
0010001300372U 090000000000000000000000000000000000000000000000000000000000000000000000000000000000000000000000000000000000000000000000000512202300000000            000000000000000                              000                           
0010001300373T 0901897X0000000092096 24778822230007170   700000000000717031102023000000000022660001001678000007170                0900000000000000000000000000000000000000000000000000000   000000000000000000000036009        170192477882     
0010001300374U 090000000000000000000000000000000000000000000000000000000000000000000000000000000000000000000000000000000000000000000000000512202300000000            000000000000000                              000                           
0010001300375T 0901897X0000000092096 24778822230007188   700000000000718831102023000000000068312001003549000007188                0900000000000000000000000000000000000000000000000000000   000000000000000000000036009        170192477882     
0010001300376U 090000000000000000000000000000000000000000000000000000000000000000000000000000000000000000000000000000000000000000000000000512202300000000            000000000000000                              000                           
0010001300377T 0901897X0000000092096 24778822230007230   700000000000723031102023000000000023421001003409000007230                0900000000000000000000000000000000000000000000000000000   000000000000000000000036009        170192477882     
0010001300378U 090000000000000000000000000000000000000000000000000000000000000000000000000000000000000000000000000000000000000000000000000512202300000000            000000000000000                              000                           
0010001300379T 0901897X0000000092096 24778829000007670   7000007670      31102023000000000109986001003409000007670                0900000000000000000000000000000000000000000000000000000   000000000000000000000036009        170192477882     
0010001300380U 090000000000000000000000000000000000000000000000000000000000000000000000000000000000000000000000000000000000000000000000000512202300000000            000000000000000                              000                           
0010001300381T 0901897X0000000092096 24778829000007685   7000007685      3110202300000000010629100101849X000007685                0900000000000000000000000000000000000000000000000000000   000000000000000000000036009        170192477882     
0010001300382U 090000000000000000000000000000000000000000000000000000000000000000000000000000000000000000000000000000000000000000000000000512202300000000            000000000000000                              000                           
0010001300383T 0901897X0000000092096 24778829000007693   7000007693      31102023000000000327177001022004000007693                0900000000000000000000000000000000000000000000000000000   000000000000000000000036009        170192477882     
0010001300384U 090000000000000000000000000000000000000000000000000000000000000000000000000000000000000000000000000000000000000000000000000512202300000000            000000000000000                              000                           
0010001300385T 0901897X0000000092096 24778829000007705   7000007705      31102023000000000163900001003018000007705                0900000000000000000000000000000000000000000000000000000   000000000000000000000036009        170192477882     
0010001300386U 090000000000000000000000000000000000000000000000000000000000000000000000000000000000000000000000000000000000000000000000000512202300000000            000000000000000                              000                           
0010001300387T 0901897X0000000092096 24778829000007706   7000007706      31102023000000000295690001003018000007706                0900000000000000000000000000000000000000000000000000000   000000000000000000000036009        170192477882     
0010001300388U 090000000000000000000000000000000000000000000000000000000000000000000000000000000000000000000000000000000000000000000000000512202300000000            000000000000000                              000                           
0010001300389T 0901897X0000000092096 24778829000007710   7000007710      31102023000000004817237001069833000007710                0900000000000000000000000000000000000000000000000000000   000000000000000000000036009        170192477882     
0010001300390U 090000000000000000000000000000000000000000000000000000000000000000000000000000000000000000000000000000000000000000000000000512202300000000            000000000000000                              000                           
0010001300391T 0901897X0000000092096 24778829000007740   7000007740      31102023000000000082229001008117000007740                0900000000000000000000000000000000000000000000000000000   000000000000000000000036009        170192477882     
0010001300392U 090000000000000000000000000000000000000000000000000000000000000000000000000000000000000000000000000000000000000000000000000512202300000000            000000000000000                              000                           
0010001300393T 0901897X0000000092096 24778829000007743   7000007743      3110202300000000002768300100216X000007743                0900000000000000000000000000000000000000000000000000000   000000000000000000000036009        170192477882     
0010001300394U 090000000000000000000000000000000000000000000000000000000000000000000000000000000000000000000000000000000000000000000000000512202300000000            000000000000000                              000                           
0010001300395T 1401897X0000000092096 24778829000007886   7000007886      22122023000000000031075001004154000007886                0900000000000000000000000000000000000000000000000000000   000000000000000000000000000        170192477882     
0010001300396U 140000000000000000000000000000000000000000000000000000000000000000000000000000000000000000000000000000000000000000000000000512202300000000            000000000000000                              000                           
0010001300397T 1401897X0000000092096 24778829000007887   7000007887      22122023000000000028170001008117000007887                0900000000000000000000000000000000000000000000000000000   000000000000000000000000000        170192477882     
0010001300398U 140000000000000000000000000000000000000000000000000000000000000000000000000000000000000000000000000000000000000000000000000512202300000000            000000000000000                              000                           
0010001300399T 1401897X0000000092096 24778829000007888   7000007888      29122023000000000027619001003409000007888                0900000000000000000000000000000000000000000000000000000   000000000000000000000000000        170192477882     
0010001300400U 140000000000000000000000000000000000000000000000000000000000000000000000000000000000000000000000000000000000000000000000000512202300000000            000000000000000                              000                           
0010001300401T 1401897X0000000092096 24778829000007889   7000007889      22122023000000000028555001003190000007889                0900000000000000000000000000000000000000000000000000000   000000000000000000000000000        170192477882     
0010001300402U 140000000000000000000000000000000000000000000000000000000000000000000000000000000000000000000000000000000000000000000000000512202300000000            000000000000000                              000                           
00100015         000404000872000000005065839170000000000000000000000000000000000000000000000000000000000000000000000000000000000000000000000000000                                                                                              
00199999         000001000406000000                                                                                                                                                            00000000000000000000000000000                    
