00100000         2115139610001160024778820014       01897X0000000092096 FUNDACAO AGENCIA DAS BACIAS HIBANCO DO BRASIL                         21412202301090900544903000000829973081PROCESSAMEN                                                 
00100011T0100020 20115139610001160024778820014       01897X0000000092096 FUNDACAO AGENCIA DAS BACIAS HI                                                                                000000001412202300000000  000000000                      
0010001300001T 0201897X0000000092096 24778829000007966   7000007966      29122023000000000020657001004154000007966                0900000000000010000000000000000000000000000000000000000   0000000000000000000000480A9        170192477882     
0010001300002U 020000000000000000000000000000000000000000000000000000000000000000000000000000000000000000000000000000000000000000000000001412202300000000            000000000000000                              000                           
0010001300003T 0201897X0000000092096 24778829000007967   7000007967      22122023000000000171150001003018000007967                0900000000000010500000000000000000000000000000000000000   0000000000000000000000480A9A4      170192477882     
0010001300004U 020000000000000000000000000000000000000000000000000000000000000000000000000000000000000000000000000000000000000000000000001412202300000000            000000000000000                              000                           
0010001300005T 0201897X0000000092096 24778829000007968   7000007968      29122023000000000018573001009946000007968                0900000000000010000000000000000000000000000000000000000   0000000000000000000000480A9        170192477882     
0010001300006U 020000000000000000000000000000000000000000000000000000000000000000000000000000000000000000000000000000000000000000000000001412202300000000            000000000000000                              000                           
0010001300007T 0201897X0000000092096 24778829000007969   7000007969      29122023000000000016918001004561000007969                0900000000000010000000000000000000000000000000000000000   0000000000000000000000480A9        170192477882     
0010001300008U 020000000000000000000000000000000000000000000000000000000000000000000000000000000000000000000000000000000000000000000000001412202300000000            000000000000000                              000                           
0010001300009T 0201897X0000000092096 24778829000007970   7000007970      29122023000000000013932001003018000007970                0900000000000010000000000000000000000000000000000000000   0000000000000000000000480A9        170192477882     
0010001300010U 020000000000000000000000000000000000000000000000000000000000000000000000000000000000000000000000000000000000000000000000001412202300000000            000000000000000                              000                           
0010001300011T 0601897X0000000092096 24778822230003554   700000000000355422122023000000000026837341000280000003554                0900000000000010100000000000000000000000000000000000000   000000000000000000000000004        170192477882     
0010001300012U 060000000000000000000000000000000000000000000000000000000000000000000000268370000000000268370000000000000000000000000000001412202315122023            000000000000000                              000                           
0010001300013T 0601897X0000000092096 24778822230004412   700000000000441222122023000000000039914341005460000004412                0900000000000010100000000000000000000000000000000000000   000000000000000000000000004        170192477882     
0010001300014U 060000000000000000000000000000000000000000000000000000000000000000000000399140000000000399140000000000000000000000000000001412202315122023            000000000000000                              000                           
0010001300015T 0601897X0000000092096 24778822230005780   700000000000578022122023000000000068519033001780000005780                0900000000000010100000000000000000000000000000000000000   000000000000000000000000004        170192477882     
0010001300016U 060000000000000000000000000000000000000000000000000000000000000000000000685190000000000685190000000000000000000000000000001412202315122023            000000000000000                              000                           
0010001300017T 0601897X0000000092096 24778822230006278   700000000000627822122023000000000096754341000300000006278                0900000000000010100000000000000000000000000000000000000   000000000000000000000000004        170192477882     
0010001300018U 060000000000000000000000000000000000000000000000000000000000000000000000967540000000000967540000000000000000000000000000001412202315122023            000000000000000                              000                           
0010001300019T 0601897X0000000092096 24778822230006818   700000000000681822122023000000000039036033033160000006818                0900000000000010100000000000000000000000000000000000000   000000000000000000000000004        170192477882     
0010001300020U 060000000000000000000000000000000000000000000000000000000000000000000000390360000000000390360000000000000000000000000000001412202315122023            000000000000000                              000                           
0010001300021T 0601897X0000000092096 24778829000007958   7000007958      22122023000000000022152237033680000007958                0900000000000010100000000000000000000000000000000000000   000000000000000000000000004        170192477882     
0010001300022U 060000000000000000000000000000000000000000000000000000000000000000000000221520000000000221520000000000000000000000000000001412202315122023            000000000000000                              000                           
0010001300023T 0901897X0000000092096 24778829000007808   7000007808      30112023000000000096003001003409000007808                0900000000000000000000000000000000000000000000000000000   000000000000000000000036010        170192477882     
0010001300024U 090000000000000000000000000000000000000000000000000000000000000000000000000000000000000000000000000000000000000000000000001412202300000000            000000000000000                              000                           
0010001300025T 1401897X0000000092096 24778829000007951   7000007951      22122023000000000028574001003018000007951                0900000000000000000000000000000000000000000000000000000   000000000000000000000000000        170192477882     
0010001300026U 140000000000000000000000000000000000000000000000000000000000000000000000000000000000000000000000000000000000000000000000001412202300000000            000000000000000                              000                           
0010001300027T 1401897X0000000092096 24778829000007952   7000007952      2212202300000000002751100101513X000007952                0900000000000000000000000000000000000000000000000000000   000000000000000000000000000        170192477882     
0010001300028U 140000000000000000000000000000000000000000000000000000000000000000000000000000000000000000000000000000000000000000000000001412202300000000            000000000000000                              000                           
0010001300029T 1401897X0000000092096 24778829000007953   7000007953      2212202300000000002711200101849X000007953                0900000000000000000000000000000000000000000000000000000   000000000000000000000000000        170192477882     
0010001300030U 140000000000000000000000000000000000000000000000000000000000000000000000000000000000000000000000000000000000000000000000001412202300000000            000000000000000                              000                           
0010001300031T 1401897X0000000092096 24778829000007954   7000007954      22122023000000000025143001043036000007954                0900000000000000000000000000000000000000000000000000000   000000000000000000000000000        170192477882     
0010001300032U 140000000000000000000000000000000000000000000000000000000000000000000000000000000000000000000000000000000000000000000000001412202300000000            000000000000000                              000                           
0010001300033T 1401897X0000000092096 24778829000007955   7000007955      22122023000000000029166001003190000007955                0900000000000000000000000000000000000000000000000000000   000000000000000000000000000        170192477882     
0010001300034U 140000000000000000000000000000000000000000000000000000000000000000000000000000000000000000000000000000000000000000000000001412202300000000            000000000000000                              000                           
0010001300035T 1401897X0000000092096 24778829000007956   7000007956      2212202300000000002518300100216X000007956                0900000000000000000000000000000000000000000000000000000   000000000000000000000000000        170192477882     
0010001300036U 140000000000000000000000000000000000000000000000000000000000000000000000000000000000000000000000000000000000000000000000001412202300000000            000000000000000                              000                           
0010001300037T 1401897X0000000092096 24778829000007957   7000007957      22122023000000000023306001045888000007957                0900000000000000000000000000000000000000000000000000000   000000000000000000000000000        170192477882     
0010001300038U 140000000000000000000000000000000000000000000000000000000000000000000000000000000000000000000000000000000000000000000000001412202300000000            000000000000000                              000                           
0010001300039T 1401897X0000000092096 24778829000007958   7000007958      22122023000000000022152001007811000007958                0900000000000000000000000000000000000000000000000000000   000000000000000000000000000        170192477882     
0010001300040U 140000000000000000000000000000000000000000000000000000000000000000000000000000000000000000000000000000000000000000000000001412202300000000            000000000000000                              000                           
0010001300041T 1401897X0000000092096 24778829000007959   7000007959      22122023000000000025058001003409000007959                0900000000000000000000000000000000000000000000000000000   000000000000000000000000000        170192477882     
0010001300042U 140000000000000000000000000000000000000000000000000000000000000000000000000000000000000000000000000000000000000000000000001412202300000000            000000000000000                              000                           
0010001300043T 1401897X0000000092096 24778829000007960   7000007960      22122023000000000024732001001678000007960                0900000000000000000000000000000000000000000000000000000   000000000000000000000000000        170192477882     
0010001300044U 140000000000000000000000000000000000000000000000000000000000000000000000000000000000000000000000000000000000000000000000001412202300000000            000000000000000                              000                           
0010001300045T 1401897X0000000092096 24778829000007961   7000007961      22122023000000000024303001003190000007961                0900000000000000000000000000000000000000000000000000000   000000000000000000000000000        170192477882     
0010001300046U 140000000000000000000000000000000000000000000000000000000000000000000000000000000000000000000000000000000000000000000000001412202300000000            000000000000000                              000                           
0010001300047T 1401897X0000000092096 24778829000007963   7000007963      29122023000000000020030001003409000007963                0900000000000000000000000000000000000000000000000000000   000000000000000000000000000        170192477882     
0010001300048U 140000000000000000000000000000000000000000000000000000000000000000000000000000000000000000000000000000000000000000000000001412202300000000            000000000000000                              000                           
0010001300049T 1401897X0000000092096 24778829000007964   7000007964      22122023000000000023447001066583000007964                0900000000000000000000000000000000000000000000000000000   000000000000000000000000000        170192477882     
0010001300050U 140000000000000000000000000000000000000000000000000000000000000000000000000000000000000000000000000000000000000000000000001412202300000000            000000000000000                              000                           
0010001300051T 1401897X0000000092096 24778829000007965   7000007965      22122023000000000045037001006998000007965                0900000000000000000000000000000000000000000000000000000   000000000000000000000000000        170192477882     
0010001300052U 140000000000000000000000000000000000000000000000000000000000000000000000000000000000000000000000000000000000000000000000001412202300000000            000000000000000                              000                           
00100015         000054000870000000005006934230000000000000000000000000000000000000000000000000000000000000000000000000000000000000000000000000000                                                                                              
00199999         000001000056000000                                                                                                                                                            00000000000000000000000000000                    
