00100000         2115139610001160024778820014       01897X0000000092096 FUNDACAO AGENCIA DAS BACIAS HIBANCO DO BRASIL                         21311202302275100540503000000829973081PROCESSAMEN                                                 
00100011T0100020 20115139610001160024778820014       01897X0000000092096 FUNDACAO AGENCIA DAS BACIAS HI                                                                                000000001311202300000000  000000000                      
0010001300001T 0201897X0000000092096 24778829000007820   7000007820      3011202300000000032276500101172X000007820                0900000000000010000000000000000000000000000000000000000   0000000000000000000000480A9        170192477882     
0010001300002U 020000000000000000000000000000000000000000000000000000000000000000000000000000000000000000000000000000000000000000000000001311202300000000            000000000000000                              000                           
0010001300003T 0201897X0000000092096 24778829000007821   7000007821      30112023000000000048479001000566000007821                0900000000000010000000000000000000000000000000000000000   0000000000000000000000480A9        170192477882     
0010001300004U 020000000000000000000000000000000000000000000000000000000000000000000000000000000000000000000000000000000000000000000000001311202300000000            000000000000000                              000                           
0010001300005T 0201897X0000000092096 24778829000007822   7000007822      30112023000000000088176001003018000007822                0900000000000010000000000000000000000000000000000000000   0000000000000000000000480A9        170192477882     
0010001300006U 020000000000000000000000000000000000000000000000000000000000000000000000000000000000000000000000000000000000000000000000001311202300000000            000000000000000                              000                           
0010001300007T 0601897X0000000092096 24778822230002287   700000000000228731102023000000000021958237022170000002287                0900000000000010100000000000000000000000000000000000000   000000000000000000000000004        170192477882     
0010001300008U 060000000000005340000000000000000000000000000000000000000000000000000000224920000000000224920000000000000000000000000000001311202314112023            000000000000000                              000                           
0010001300009T 0601897X0000000092096 24778822230005599   700000000000559930112023000000000075890341006800000005599                0900000000000010100000000000000000000000000000000000000   000000000000000000000000004        170192477882     
0010001300010U 060000000000000000000000000000000000000000000000000000000000000000000000758900000000000758900000000000000000000000000000001311202314112023            000000000000000                              000                           
0010001300011T 0601897X0000000092096 24778822230006757   700000000000675730112023000000000020201237004760000006757                0900000000000010100000000000000000000000000000000000000   000000000000000000000000004        170192477882     
0010001300012U 060000000000000000000000000000000000000000000000000000000000000000000000202010000000000202010000000000000000000000000000001311202314112023            000000000000000                              000                           
0010001300013T 0601897X0000000092096 24778829000007735   7000007735      31102023000000000118053341002100000007735                0900000000000010100000000000000000000000000000000000000   000000000000000000000000004        170192477882     
0010001300014U 060000000000028720000000000000000000000000000000000000000000000000000001209250000000001209250000000000000000000000000000001311202314112023            000000000000000                              000                           
0010001300015T 0601897X0000000092096 24778829000007786   7000007786      30112023000000000069127341087290000007786                0900000000000010100000000000000000000000000000000000000   000000000000000000000000004        170192477882     
0010001300016U 060000000000000000000000000000000000000000000000000000000000000000000000691270000000000691270000000000000000000000000000001311202314112023            000000000000000                              000                           
0010001300017T 0301897X0000000092096 24778829000007786   7               0000000000000000006912700100000                          0900000000000000000000000000000000000000000000000000000   000000000000000000000000060        170192477882     
0010001300018U 030000000000000000000000000000000000000000000000000000000000000000000000000000000000000000000000000000000000000000000000001311202300000000            000000000000000                              000                           
00100015         000020001705000000006457971030000000000000000000000000000000000000000000000000000000000000000000000000000000000000000000000000000                                                                                              
00199999         000001000022000000                                                                                                                                                            00000000000000000000000000000                    
