00100000         2115139610001160024778820014       01897X0000000092096 FUNDACAO AGENCIA DAS BACIAS HIBANCO DO BRASIL                         20412202302562400543303000000829973081PROCESSAMEN                                                 
00100011T0100020 20115139610001160024778820014       01897X0000000092096 FUNDACAO AGENCIA DAS BACIAS HI                                                                                000000000412202300000000  000000000                      
0010001300001T 0201897X0000000092096 24778829000007886   7000007886      29122023000000000031075001004154000007886                0900000000000010500000000000000000000000000000000000000   0000000000000000000000480A9A4      170192477882     
0010001300002U 020000000000000000000000000000000000000000000000000000000000000000000000000000000000000000000000000000000000000000000000000412202300000000            000000000000000                              000                           
0010001300003T 0201897X0000000092096 24778829000007887   7000007887      29122023000000000028170001008117000007887                0900000000000010500000000000000000000000000000000000000   0000000000000000000000480A9A4      170192477882     
0010001300004U 020000000000000000000000000000000000000000000000000000000000000000000000000000000000000000000000000000000000000000000000000412202300000000            000000000000000                              000                           
0010001300005T 0201897X0000000092096 24778829000007888   7000007888      29122023000000000027619001003409000007888                0900000000000010500000000000000000000000000000000000000   0000000000000000000000480A9A4      170192477882     
0010001300006U 020000000000000000000000000000000000000000000000000000000000000000000000000000000000000000000000000000000000000000000000000412202300000000            000000000000000                              000                           
0010001300007T 0201897X0000000092096 24778829000007889   7000007889      29122023000000000028555001003190000007889                0900000000000010500000000000000000000000000000000000000   0000000000000000000000480A9A4      170192477882     
0010001300008U 020000000000000000000000000000000000000000000000000000000000000000000000000000000000000000000000000000000000000000000000000412202300000000            000000000000000                              000                           
0010001300009T 0601897X0000000092096 24778822230005600   700000000000560022122023000000000075890341006800000005600                0900000000000010100000000000000000000000000000000000000   000000000000000000000000004        170192477882     
0010001300010U 060000000000000000000000000000000000000000000000000000000000000000000000758900000000000758900000000000000000000000000000000412202305122023            000000000000000                              000                           
0010001300011T 0601897X0000000092096 24778822230005791   700000000000579130112023000000001760562001045276000005791                0900000000000010040000000000000000000000000000000000000   000000000000000000000000034        170192477882     
0010001300012U 060000000000375560000000000000000000000000000000000000000000000000000017981180000000017981180000000000000000000000000000000412202305122023            000000000000000                              000                           
0010001300013T 0601897X0000000092096 24778822230006169   700000000000616930112023000000000048794237022970000006169                0900000000000010100000000000000000000000000000000000000   000000000000000000000000004        170192477882     
0010001300014U 060000000000010400000000000000000000000000000000000000000000000000000000498340000000000498340000000000000000000000000000000412202305122023            000000000000000                              000                           
0010001300015T 0601897X0000000092096 24778829000007820   7000007820      30112023000000000322765081000010000007820                0900000000000010100000000000000000000000000000000000000   000000000000000000000000004        170192477882     
0010001300016U 060000000000068850000000000000000000000000000000000000000000000000000003296500000000003296500000000000000000000000000000000412202305122023            000000000000000                              000                           
0010001300017T 0601897X0000000092096 24778829000007881   7000007881      22122023000000000026677104047920000007881                0900000000000010100000000000000000000000000000000000000   000000000000000000000000004        170192477882     
0010001300018U 060000000000000000000000000000000000000000000000000000000000000000000000266770000000000266770000000000000000000000000000000412202305122023            000000000000000                              000                           
0010001300019T 0601897X0000000092096 24778829000007884   7000007884      07122023000000000091848237025610000007884                0900000000000010100000000000000000000000000000000000000   000000000000000000000000004        170192477882     
0010001300020U 060000000000000000000000000000000000000000000000000000000000000000000000918480000000000918480000000000000000000000000000000412202305122023            000000000000000                              000                           
0010001300021T 1401897X0000000092096 24778829000007871   7000007871      22122023000000000031542001003018000007871                0900000000000000000000000000000000000000000000000000000   000000000000000000000000000        170192477882     
0010001300022U 140000000000000000000000000000000000000000000000000000000000000000000000000000000000000000000000000000000000000000000000000412202300000000            000000000000000                              000                           
0010001300023T 1401897X0000000092096 24778829000007873   7000007873      22122023000000000033237001000566000007873                0900000000000000000000000000000000000000000000000000000   000000000000000000000000000        170192477882     
0010001300024U 140000000000000000000000000000000000000000000000000000000000000000000000000000000000000000000000000000000000000000000000000412202300000000            000000000000000                              000                           
0010001300025T 1401897X0000000092096 24778829000007874   7000007874      1112202300000000003835700101849X000007874                0900000000000000000000000000000000000000000000000000000   000000000000000000000000000        170192477882     
0010001300026U 140000000000000000000000000000000000000000000000000000000000000000000000000000000000000000000000000000000000000000000000000412202300000000            000000000000000                              000                           
0010001300027T 1401897X0000000092096 24778829000007875   7000007875      22122023000000000032224001009903000007875                0900000000000000000000000000000000000000000000000000000   000000000000000000000000000        170192477882     
0010001300028U 140000000000000000000000000000000000000000000000000000000000000000000000000000000000000000000000000000000000000000000000000412202300000000            000000000000000                              000                           
0010001300029T 1401897X0000000092096 24778829000007876   7000007876      22122023000000000030956001003409000007876                0900000000000000000000000000000000000000000000000000000   000000000000000000000000000        170192477882     
0010001300030U 140000000000000000000000000000000000000000000000000000000000000000000000000000000000000000000000000000000000000000000000000412202300000000            000000000000000                              000                           
0010001300031T 1401897X0000000092096 24778829000007877   7000007877      2212202300000000003766800101849X000007877                0900000000000000000000000000000000000000000000000000000   000000000000000000000000000        170192477882     
0010001300032U 140000000000000000000000000000000000000000000000000000000000000000000000000000000000000000000000000000000000000000000000000412202300000000            000000000000000                              000                           
0010001300033T 1401897X0000000092096 24778829000007878   7000007878      2212202300000000003109200100216X000007878                0900000000000000000000000000000000000000000000000000000   000000000000000000000000000        170192477882     
0010001300034U 140000000000000000000000000000000000000000000000000000000000000000000000000000000000000000000000000000000000000000000000000412202300000000            000000000000000                              000                           
0010001300035T 1401897X0000000092096 24778829000007879   7000007879      22122023000000000031380001003409000007879                0900000000000000000000000000000000000000000000000000000   000000000000000000000000000        170192477882     
0010001300036U 140000000000000000000000000000000000000000000000000000000000000000000000000000000000000000000000000000000000000000000000000412202300000000            000000000000000                              000                           
0010001300037T 1401897X0000000092096 24778829000007880   7000007880      22122023000000000027281001008117000007880                0900000000000000000000000000000000000000000000000000000   000000000000000000000000000        170192477882     
0010001300038U 140000000000000000000000000000000000000000000000000000000000000000000000000000000000000000000000000000000000000000000000000412202300000000            000000000000000                              000                           
0010001300039T 1401897X0000000092096 24778829000007881   7000007881      22122023000000000026677001007994000007881                0900000000000000000000000000000000000000000000000000000   000000000000000000000000000        170192477882     
0010001300040U 140000000000000000000000000000000000000000000000000000000000000000000000000000000000000000000000000000000000000000000000000412202300000000            000000000000000                              000                           
0010001300041T 1401897X0000000092096 24778829000007882   7000007882      22122023000000000028151001069833000007882                0900000000000000000000000000000000000000000000000000000   000000000000000000000000000        170192477882     
0010001300042U 140000000000000000000000000000000000000000000000000000000000000000000000000000000000000000000000000000000000000000000000000412202300000000            000000000000000                              000                           
0010001300043T 1401897X0000000092096 24778829000007883   7000007883      22122023000000000029717001007994000007883                0900000000000000000000000000000000000000000000000000000   000000000000000000000000000        170192477882     
0010001300044U 140000000000000000000000000000000000000000000000000000000000000000000000000000000000000000000000000000000000000000000000000412202300000000            000000000000000                              000                           
0010001300045T 1401897X0000000092096 24778829000007884   7000007884      07122023000000000091848001026565000007884                0900000000000000000000000000000000000000000000000000000   000000000000000000000000000        170192477882     
0010001300046U 140000000000000000000000000000000000000000000000000000000000000000000000000000000000000000000000000000000000000000000000000412202300000000            000000000000000                              000                           
0010001300047T 1401897X0000000092096 24778829000007885   7000007885      22122023000000000032843001008117000007885                0900000000000000000000000000000000000000000000000000000   000000000000000000000000000        170192477882     
0010001300048U 140000000000000000000000000000000000000000000000000000000000000000000000000000000000000000000000000000000000000000000000000412202300000000            000000000000000                              000                           
00100015         000050001017000000003373594950000000000000000000000000000000000000000000000000000000000000000000000000000000000000000000000000000                                                                                              
00199999         000001000052000000                                                                                                                                                            00000000000000000000000000000                    
