00100000         2115139610001160024778820014       01897X0000000092096 FUNDACAO AGENCIA DAS BACIAS HIBANCO DO BRASIL                         21011202301101600540303000000829973081PROCESSAMEN                                                 
00100011T0100020 20115139610001160024778820014       01897X0000000092096 FUNDACAO AGENCIA DAS BACIAS HI                                                                                000000001011202300000000  000000000                      
0010001300001T 0201897X0000000092096 24778829000007816   7000007816      30112023000000000046611001004154000007816                0900000000000010500000000000000000000000000000000000000   0000000000000000000000480A9A4      170192477882     
0010001300002U 020000000000000000000000000000000000000000000000000000000000000000000000000000000000000000000000000000000000000000000000001011202300000000            000000000000000                              000                           
0010001300003T 0201897X0000000092096 24778829000007817   7000007817      30112023000000000102460001007994000007817                0900000000000010500000000000000000000000000000000000000   0000000000000000000000480A9A4      170192477882     
0010001300004U 020000000000000000000000000000000000000000000000000000000000000000000000000000000000000000000000000000000000000000000000001011202300000000            000000000000000                              000                           
0010001300005T 0201897X0000000092096 24778829000007818   7000007818      30112023000000000024495001007994000007818                0900000000000010500000000000000000000000000000000000000   0000000000000000000000480A9A4      170192477882     
0010001300006U 020000000000000000000000000000000000000000000000000000000000000000000000000000000000000000000000000000000000000000000000001011202300000000            000000000000000                              000                           
0010001300007T 0201897X0000000092096 24778829000007819   7000007819      22122023000000000024495001007994000007819                0900000000000010500000000000000000000000000000000000000   0000000000000000000000480A9A4      170192477882     
0010001300008U 020000000000000000000000000000000000000000000000000000000000000000000000000000000000000000000000000000000000000000000000001011202300000000            000000000000000                              000                           
0010001300009T 0601897X0000000092096 24778822230002557   700000000000255730112023000000000022250237004800000002557                0900000000000010100000000000000000000000000000000000000   000000000000000000000000004        170192477882     
0010001300010U 060000000000000000000000000000000000000000000000000000000000000000000000222500000000000222500000000000000000000000000000001011202313112023            000000000000000                              000                           
0010001300011T 0601897X0000000092096 24778822230003961   700000000000396130112023000000000108723341009100000003961                0900000000000010100000000000000000000000000000000000000   000000000000000000000000004        170192477882     
0010001300012U 060000000000000000000000000000000000000000000000000000000000000000000001087230000000001087230000000000000000000000000000001011202313112023            000000000000000                              000                           
0010001300013T 0601897X0000000092096 24778822230005749   700000000000574930112023000000000036596001009903000005749                0900000000000010060000000000000000000000000000000000000   000000000000000000000000033        170192477882     
0010001300014U 060000000000000000000000000000000000000000000000000000000000000000000000365960000000000365960000000000000000000000000000001011202313112023            000000000000000                              000                           
0010001300015T 0901897X0000000092096 24778822230004507   700000000000450730112023000000000024495001007994000004507                0900000000000000000000000000000000000000000000000000000   000000000000000000000036010        170192477882     
0010001300016U 090000000000000000000000000000000000000000000000000000000000000000000000000000000000000000000000000000000000000000000000001011202300000000            000000000000000                              000                           
0010001300017T 0901897X0000000092096 24778822230004508   700000000000450822122023000000000024495001007994000004508                0900000000000000000000000000000000000000000000000000000   000000000000000000000036010        170192477882     
0010001300018U 090000000000000000000000000000000000000000000000000000000000000000000000000000000000000000000000000000000000000000000000001011202300000000            000000000000000                              000                           
0010001300019T 0901897X0000000092096 24778829000007794   7000007794      30112023000000000102460001007994000007794                0900000000000000000000000000000000000000000000000000000   000000000000000000000036010        170192477882     
0010001300020U 090000000000000000000000000000000000000000000000000000000000000000000000000000000000000000000000000000000000000000000000001011202300000000            000000000000000                              000                           
00100015         000022001707000000006456429120000000000000000000000000000000000000000000000000000000000000000000000000000000000000000000000000000                                                                                              
00199999         000001000024000000                                                                                                                                                            00000000000000000000000000000                    
